@article{Cowan:2010js,
      author         = "Cowan, G. and Cranmer, K. and Gross, E.  and
                  Vitells, O.",
      title          = "{Asymptotic formulae for likelihood-based
                  tests of new physics}",
      journal        = "Eur. Phys. J.",
      volume         = "C71",
      year           = "2011",
      pages          = "1554",
      doi            = "{10.1140/EPJC/s10052-011-1554-0}",
      note           = "[Erratum: Eur. Phys. J.C73,2501(2013)]",
      eprint         = "1007.1727",
      archivePrefix  = "arXiv",
      primaryClass   = "physics.data-an",
      SLACcitation   = "%%CITATION = ARXIV:1007.1727;%%"
}

@article{Garvey:2014exa,
      author         = "Garvey, G. T. and Harris, D. A. and Tanaka, H. A. and
                        Tayloe, R. and Zeller, G. P.",
      title          = "{Recent Advances and Open Questions in Neutrino-induced
                        Quasi-elastic Scattering and Single Photon Production}",
      journal        = "Phys. Rept.",
      volume         = "580",
      year           = "2015",
      pages          = "1-45",
      doi            = "10.1016/J.PhysRep.2015.04.001",
      eprint         = "1412.4294",
      archivePrefix  = "arXiv",
      primaryClass   = "hep-ex",
      reportNumber   = "INT-PUB-14-059, FERMILAB-CONF-14-484-E",
      SLACcitation   = "%%CITATION = ARXIV:1412.4294;%%"
}


@article{PhysRevD.94.052005,
  title = "{Cross sections for ${\ensuremath{\nu}}_{\ensuremath{\mu}}$
                  and
                  ${\overline{\ensuremath{\nu}}}_{\ensuremath{\mu}}$
                  induced pion production on hydrocarbon in the
                  few-GeV region using MINERvA}",
  author = {McGivern, C.L. and others},
  collaboration = {MINERvA Collaboration},
  journal = {Phys. Rev. D},
  volume = {94},
  issue = {5},
  pages = {052005},
  numpages = {18},
  year = {2016},
  month = {Sep},
  eprint = "",
  archivePrefix = "arXiv",
  primaryClass   = "hep-ex",
  publisher = {American Physical Society},
  doi = {10.1103/PhysRevD.94.052005},
}

@article{Furry1939,
  title = {On Transition Probabilities in Double Beta-Disintegration},
  author = {Furry, W. H.},
  journal = {Phys. Rev.},
  volume = {56},
  issue = {12},
  pages = {1184--1193},
  numpages = {0},
  year = {1939},
  month = {Dec},
  publisher = {American Physical Society},
  doi = {10.1103/PhysRev.56.1184},
}

@misc{massordering,
    author    = "Michael Wurm",
    title     = "Mass ordering illustration, website consulted on the
                  5th February 2018",
    url       = "http://www.staff.uni-mainz.de/wurmm/wurm-home/mass-hierarchy.png"
}



@article{James:1975dr,
      author         = {James, F. and others},
      title          = "{Minuit: A System for Function Minimization
                  and Analysis of the Parameter Errors and
                  Correlations}",
      journal        = "Comput. Phys. Commun.",
      volume         = "10",
      year           = "1975",
      pages          = "343-367",
      doi            = "10.1016/0010-4655(75)90039-9",
      reportNumber   = "CERN-DD-75-20",
      SLACcitation   = "%%CITATION = CPHCB,10,343;%%"
}


@article{Abgrall:2011ae,
      author         = {Abgrall, N and others},
      title          = "{Measurements of Cross Sections and Charged Pion Spectra
                        in Proton-Carbon Interactions at 31 GeV/c}",
      collaboration  = "NA61/SHINE",
      journal        = "Phys. Rev.",
      volume         = "C84",
      year           = "2011",
      pages          = "034604",
      doi            = "10.1103/PhysRevC.84.034604",
      eprint         = "1102.0983",
      archivePrefix  = "arXiv",
      primaryClass   = "hep-ex",
      reportNumber   = "CERN-PH-EP-2011-005",
      SLACcitation   = "%%CITATION = ARXIV:1102.0983;%%"
}
@article{Abgrall:2011ts,
      author         = {Abgrall, N. and others},
      title          = "{Measurement of Production Properties of Positively
                        Charged Kaons in Proton-Carbon Interactions at 31 GeV/c}",
      collaboration  = "NA61/SHINE",
      journal        = "Phys. Rev.",
      volume         = "C85",
      year           = "2012",
      pages          = "035210",
      doi            = "10.1103/PhysRevC.85.035210",
      eprint         = "1112.0150",
      archivePrefix  = "arXiv",
      primaryClass   = "hep-ex",
      SLACcitation   = "%%CITATION = ARXIV:1112.0150;%%"
}
@article{Abgrall:2015hmv,
      author         = {Abgrall, N. and others},
      title          = "{Measurements of $\ensuremath{\pi ^{\pm}}$ , $\ensuremath{K^{\pm}}$ , $\ensuremath{K^0_S}$ ,
                        $\ensuremath{\varLambda}$ and proton production in protonâ€“carbon
                        interactions at 31 GeV/c with the NA61/SHINE spectrometer
                        at the CERN SPS}",
      collaboration  = "NA61/SHINE",
      journal        = "Eur. Phys. J.",
      volume         = "C76",
      year           = "2016",
      number         = "2",
      pages          = "84",
      doi            = "10.1140/epjc/s10052-016-3898-y",
      eprint         = "1510.02703",
      archivePrefix  = "arXiv",
      primaryClass   = "hep-ex",
      reportNumber   = "CERN-PH-EP-2015-278",
      SLACcitation   = "%%CITATION = ARXIV:1510.02703;%%"
}


@article{MINERvACCPion,
      author         = {Eberly, B. and others},
      title          = "{Charged pion production in $\ensuremath{\nu_\mu}$ interactions on
                        hydrocarbon at $\ensuremath{\langle E_{\nu}\rangle=4.0}$ GeV}",
      collaboration  = "MINERvA",
      journal        = "Phys. Rev.",
      volume         = "D92",
      year           = "2015",
      number         = "9",
      pages          = "092008",
      doi            = "10.1103/PhysRevD.92.092008",
      eprint         = "1406.6415",
      archivePrefix  = "arXiv",
      primaryClass   = "hep-ex",
      reportNumber   = "FERMILAB-PUB-14-193-E",
      SLACcitation   = "%%CITATION = ARXIV:1406.6415;%%"
}


@article{MiniBooNECC1Piz,
      author         = {Aguilar-Arevalo, A.A. and others},
      title          = "{Measurement of $\ensuremath{\nu_\mu}$-Induced Charged-Current Neutral
                        Pion Production Cross Sections on Mineral Oil at
                        $\ensuremath{E_\nu\in0.5-2.0}$ GeV}",
      collaboration  = "MiniBooNE",
      journal        = "Phys. Rev.",
      volume         = "D83",
      year           = "2011",
      pages          = "052009",
      doi            = "10.1103/PhysRevD.83.052009",
      eprint         = "1010.3264",
      archivePrefix  = "arXiv",
      primaryClass   = "hep-ex",
      reportNumber   = "FERMILAB-PUB-10-426-E",
      SLACcitation   = "%%CITATION = ARXIV:1010.3264;%%"
}

@article{K2KPion,
      author         = {Rodriguez, A. and others},
      title          = "{Measurement of Single Charged Pion Production in the
                        Charged-Current Interactions of Neutrinos in a 1.3-GeV
                        Wide Band Beam}",
      collaboration  = "K2K",
      journal        = "Phys. Rev.",
      volume         = "D78",
      year           = "2008",
      pages          = "032003",
      doi            = "10.1103/PhysRevD.78.032003",
      eprint         = "0805.0186",
      archivePrefix  = "arXiv",
      primaryClass   = "hep-ex",
      SLACcitation   = "%%CITATION = ARXIV:0805.0186;%%"
}


@article{MiniBooNENCPi0,
      author         = {Aguilar-Arevalo, A.A. and others},
      title          = "{Measurement of $\ensuremath{\nu_\mu}$ and $\ensuremath{\bar{\nu}_\mu}$ Induced
                        Neutral Current Single $\pi^0$ Production Cross Sections
                        on Mineral Oil at $\ensuremath{E_\nu \sim {\cal O}(1 {\rm GeV})}$}",
      collaboration  = "MiniBooNE",
      journal        = "Phys. Rev.",
      volume         = "D81",
      year           = "2010",
      pages          = "013005",
      doi            = "10.1103/PhysRevD.81.013005",
      eprint         = "0911.2063",
      archivePrefix  = "arXiv",
      primaryClass   = "hep-ex",
      reportNumber   = "FERMILAB-PUB-09-583-E",
      SLACcitation   = "%%CITATION = ARXIV:0911.2063;%%"
}


@article{MiniBooNECC1PiP,
  title = "{Measurement of Neutrino-Induced Charged-Current Charged
                  Pion Production Cross Sections on Mineral Oil at
                  ${E}_{\ensuremath{\nu}}\ensuremath{\sim}1\text{
                  }\text{ }\mathrm{GeV}$}",
  author = {Aguilar-Arevalo, A.A. and others},
  collaboration = {MiniBooNE Collaboration},
  journal = {Phys. Rev.},
  volume = {D83},
  issue = {5},
  pages = {052007},
  numpages = {26},
  year = {2011},
  month = {Mar},
  eprint = "1011.3572",
  archivePrefix  = "arXiv",
  primaryClass   = "hep-ex",
  publisher = {American Physical Society},
  doi = {10.1103/PhysRevD.83.052007},
}


@article{Background,
  title = "{Study of the Isospin Structure of Single-Pion Production in Charged-Current Neutrino Interactions}",
  author = {Baker, N.J. and others},
  journal = {Phys. Rev.},
  volume = {D23},
  issue = {11},
  pages = {2495--2498},
  numpages = {0},
  year = {1981},
  month = {Jun},
  publisher = {American Physical Society},
  doi = {10.1103/PhysRevD.23.2495},
}



@article{ANLNCPion,
  title = "{Study of Single-Pion Production by Weak Neutral Currents in Low-Energy $\ensuremath{\nu}d$ Interactions}",
  author = {Derrick, M. and others},
  journal = {Phys. Rev.},
  volume = {D23},
  issue = {3},
  pages = {569--575},
  numpages = {0},
  year = {1981},
  month = {Feb},
  publisher = {American Physical Society},
  doi = {10.1103/PhysRevD.23.569},
}


@article{ANLPion,
      author         = {Radecky, G.M. and others},
      title          = "{Study of Single Pion Production by Weak Charged Currents
                        in Low-Energy Neutrino $d$ Interactions}",
      journal        = "Phys. Rev.",
      volume         = "D25",
      year           = "1982",
      pages          = "1161-1173",
      doi            = "10.1103/PhysRevD.25.1161",
      note           = "[Erratum: Phys.Rev.D26,3297(1982)]",
      reportNumber   = "PU-81-495, ANL-HEP-PR-81-07, COO-3066-175",
      SLACcitation   = "%%CITATION = PHRVA,D25,1161;%%"
}



@article{BNLPion,
  title = "{Charged-Current Exclusive Pion Production in
                  Neutrino-Deuterium Interactions}",
  author = {Kitagaki, T. and others},
  journal = {Phys. Rev.},
  volume = {D34},
  issue = {9},
  pages = {2554--2565},
  numpages = {0},
  year = {1986},
  month = {Nov},
  publisher = {American Physical Society},
  doi = {10.1103/PhysRevD.34.2554},
}




@article{Rein1,
      author         = {Rein, D. and others},
      title          = "{Neutrino Excitation of Baryon Resonances and
                  Single Pion Production}",
      journal        = "Annals Phys.",
      volume         = "133",
      year           = "1981",
      pages          = "79-153",
      doi            = "10.1016/0003-4916(81)90242-6",
      reportNumber   = "PITHA-80-10",
      SLACcitation   = "%%CITATION = APNYA,133,79;%%"
}


@article{Rein2,
      author         = {Rein, D.},
      title          = "{Angular Distribution in Neutrino Induced
                  Single Pion Production Processes}",
      journal        = "Z. Phys.",
      volume         = "C35",
      year           = "1987",
      pages          = "43-64",
      doi            = "10.1007/BF01561054",
      SLACcitation   = "%%CITATION = ZEPYA,C35,43;%%"
}






@article{microboone,
      author         = {Acciarri, R. and others},
      title          = "{Design and Construction of the MicroBooNE
                  Detector}",
      collaboration  = "MicroBooNE",
      journal        = "JINST",
      volume         = "12",
      year           = "2017",
      number         = "02",
      pages          = "P02017",
      doi            = "10.1088/1748-0221/12/02/P02017",
      eprint         = "1612.05824",
      archivePrefix  = "arXiv",
      primaryClass   = "physics.ins-det",
      reportNumber   = "FERMILAB-PUB-16-613-ND",
      SLACcitation   = "%%CITATION = ARXIV:1612.05824;%%"
}

@article{SBN,
      author         = {Antonello, M. and others},
      title          = "{A Proposal for a Three Detector Short-Baseline Neutrino
                        Oscillation Program in the Fermilab Booster Neutrino
                        Beam}",
      collaboration  = "LAr1-ND, ICARUS-WA104, MicroBooNE",
      year           = "2015",
      eprint         = "1503.01520",
      archivePrefix  = "arXiv",
      primaryClass   = "physics.ins-det",
      SLACcitation   = "%%CITATION = ARXIV:1503.01520;%%"
}
@article{MartiniProtonKine,
      author         = {Van Cuyck, T. and others},
      title          = "{Influence of Short-Range Correlations in
                  Neutrino-Nucleus Scattering}",
      journal        = "Phys. Rev.",
      volume         = "C94",
      year           = "2016",
      number         = "2",
      pages          = "024611",
      doi            = "10.1103/PhysRevC.94.024611",
      eprint         = "1606.00273",
      archivePrefix  = "arXiv",
      primaryClass   = "nucl-th",
      SLACcitation   = "%%CITATION = ARXIV:1606.00273;%%"
}



@article{minervaq3q0,
      author         = {Rodrigues, P.A. and others},
      title          = "{Identification of Nuclear Effects in
                  Neutrino-Carbon Interactions at Low Three-Momentum
                  Transfer}",
      collaboration  = "MINERvA",
      journal        = "Phys. Rev. Lett.",
      volume         = "116",
      year           = "2016",
      pages          = "071802",
      doi            = "10.1103/PhysRevLett.116.071802",
      eprint         = "1511.05944",
      archivePrefix  = "arXiv",
      primaryClass   = "hep-ex",
      reportNumber   = "FERMILAB-PUB-15-498-ND",
      SLACcitation   = "%%CITATION = ARXIV:1511.05944;%%"
}


@article{MartiniERec,
      author         = {Martini, M. and others},
      title          = "{Neutrino Energy Reconstruction Problems and
                  Neutrino Oscillations}",
      journal        = "Phys. Rev.",
      volume         = "D85",
      year           = "2012",
      pages          = "093012",
      doi            = "10.1103/PhysRevD.85.093012",
      eprint         = "1202.4745",
      archivePrefix  = "arXiv",
      primaryClass   = "hep-ph",
      reportNumber   = "CERN-PH-TH-2012-046",
      SLACcitation   = "%%CITATION = ARXIV:1202.4745;%%"
}

@article{MartiniNpNh1,
      author         = {Martini, M. and others},
      title          = "{Neutrino and Antineutrino Quasielastic Interactions with
                        Nuclei}",
      journal        = "Phys. Rev.",
      volume         = "C81",
      year           = "2010",
      pages          = "045502",
      doi            = "10.1103/PhysRevC.81.045502",
      eprint         = "1002.4538",
      archivePrefix  = "arXiv",
      primaryClass   = "hep-ph",
      reportNumber   = "CERN-PH-TH-2010-046, LYCEN-2010-03",
      SLACcitation   = "%%CITATION = ARXIV:1002.4538;%%"
}

@article{MartiniNpNh2,
      author         = {Martini, M. and others},
      title          = "{Neutrino Quasielastic Interaction and Nuclear Dynamics}",
      journal        = "Phys. Rev.",
      volume         = "C84",
      year           = "2011",
      pages          = "055502",
      doi            = "10.1103/PhysRevC.84.055502",
      eprint         = "1110.0221",
      archivePrefix  = "arXiv",
      primaryClass   = "nucl-th",
      SLACcitation   = "%%CITATION = ARXIV:1110.0221;%%"
}
@article{NievesNpNh1,
      author         = {Nieves, J. and others},
      title          = "{Inclusive Charged-Current Neutrino-Nucleus Reactions}",
      journal        = "Phys. Rev.",
      volume         = "C83",
      year           = "2011",
      pages          = "045501",
      doi            = "10.1103/PhysRevC.83.045501",
      eprint         = "1102.2777",
      archivePrefix  = "arXiv",
      primaryClass   = "hep-ph",
      SLACcitation   = "%%CITATION = ARXIV:1102.2777;%%"
}
@article{NievesNpNh2,
      author         = {Nieves, J. and others},
      title          = "{Two Particle-Hole Excitations in Charged
                  Current Quasielastic Antineutrino-Nucleus
                  Scattering}",
      journal        = "Phys. Lett.",
      volume         = "B721",
      year           = "2013",
      pages          = "90-93",
      doi            = "10.1016/j.physletb.2013.03.002",
      eprint         = "1302.0703",
      archivePrefix  = "arXiv",
      primaryClass   = "hep-ph",
      SLACcitation   = "%%CITATION = ARXIV:1302.0703;%%"
}
@article{AmaroNpNh1,
      author         = {Megias, G.D. and others},
      title          = "{Meson-Exchange Currents and Quasielastic Predictions for
                        Charged-Current Neutrino-$^{12}C$ Scattering in the
                        Superscaling Approach}",
      journal        = "Phys. Rev.",
      volume         = "D91",
      year           = "2015",
      number         = "7",
      pages          = "073004",
      doi            = "10.1103/PhysRevD.91.073004",
      eprint         = "1412.1822",
      archivePrefix  = "arXiv",
      primaryClass   = "nucl-th",
      SLACcitation   = "%%CITATION = ARXIV:1412.1822;%%"
}
@article{PhysRevD.92.113011,
  title = "{Model-Independent Determination of the Axial Mass Parameter
                  in Quasielastic Antineutrino-Nucleon Scattering}",
  author = {Bhattacharya, B. and others},
  journal = {Phys. Rev.},
  volume = {D92},
  issue = {11},
  pages = {113011},
  numpages = {8},
  eprint = "1510.05652",
  archivePrefix  = "arXiv",
  primaryClass   = "hep-ph",
  year = {2015},
  month = {Dec},
  publisher = {American Physical Society},
  doi = {10.1103/PhysRevD.92.113011},
}

@article{PhysRevD.93.113015,
  title = "{Deuterium Target Data for Precision Neutrino-Nucleus Cross Sections}",
  author = {Meyer, A.S. and others},
  journal = {Phys. Rev.},
  volume = {D93},
  issue = {11},
  pages = {113015},
  numpages = {18},
  year = {2016},
  month = {Jun},
  eprint = "1603.03048",
  archivePrefix  = "arXiv",
  primaryClass   = "hep-ph",
  publisher = {American Physical Society},
  doi = {10.1103/PhysRevD.93.113015},
}


@article{Alvarez-Ruso:2017oui,
      author         = {Alvarez-Ruso, L. and others},
      title          = "{NuSTEC White Paper: Status and Challenges of
                  Neutrino-Nucleus Scattering}",
      year           = "2017",
      url            = "http://lss.fnal.gov/archive/2017/pub/fermilab-pub-17-195-nd-t.pdf",
      eprint         = "1706.03621",
      archivePrefix  = "arXiv",
      primaryClass   = "hep-ph",
      reportNumber   = "FERMILAB-PUB-17-195-ND-T, INT-PUB-17-020",
      SLACcitation   = "%%CITATION = ARXIV:1706.03621;%%"
}



@article{Rocco:2016vyz,
      author         = {Rocco, N.},
      title          = "{Unified Description of Electron-Nucleus
                  Scattering within the Spectral Function Formalism}",
      booktitle      = "{Proceedings, 10th International Workshop on
                        Neutrino-Nucleus Interactions in the Few GeV Region
                        (NuInt15): Osaka, Japan, November 16-21, 2015}",
      journal        = "JPS Conf. Proc.",
      volume         = "12",
  archivePrefix  = "arXiv",
  primaryClass   = "hep-ex",
      year           = "2016",
      pages          = "010029",
      doi            = "10.7566/JPSCP.12.010029",
      SLACcitation   = "%%CITATION = INSPIRE-1507227;%%"
}

@article{Brun:1997pa,
      author         = {Brun, R. and others},
      title          = "{ROOT: An Object Oriented Data Analysis Framework}",
      booktitle      = "{New computing techniques in physics research V.
                        Proceedings, 5th International Workshop, AIHENP '96,
                        Lausanne, Switzerland, September 2-6, 1996}",
  archivePrefix  = "arXiv",
  primaryClass   = "hep-ex",
      journal        = "Nucl. Instrum. Meth.",
      volume         = "A389",
      year           = "1997",
      pages          = "81-86",
      doi            = "10.1016/S0168-9002(97)00048-X",
      SLACcitation   = "%%CITATION = NUIMA,A389,81;%%"
}


@article{AmaroNpNh2,
      author         = {Amaro, J.E. and others},
      title          = "{Meson-Exchange Currents and Quasielastic Antineutrino
                        Cross Sections in the SuperScaling Approximation}",
      journal        = "Phys. Rev. Lett.",
      volume         = "108",
      year           = "2012",
      pages          = "152501",
      doi            = "10.1103/PhysRevLett.108.152501",
      eprint         = "1112.2123",
      archivePrefix  = "arXiv",
      primaryClass   = "nucl-th",
      SLACcitation   = "%%CITATION = ARXIV:1112.2123;%%"
}

@article{Alvarez2014,
  title = "{Photon Emission in Neutral-Current Interactions at Intermediate Energies}",
  author = {Wang, E. and others},
  journal = {Phys. Rev.},
  volume = {C89},
  issue = {1},
  pages = {015503},
  numpages = {21},
  year = {2014},
  month = {Jan},
  eprint = "1311.2151",
  archivePrefix  = "arXiv",
  primaryClass   = "hep-ex",
  publisher = {American Physical Society},
  doi = {10.1103/PhysRevC.89.015503},
} 

@misc{nobelprize,
  author = {Kajita, T. and McDonald, A.B.},
  title = "{The Nobel Prize in Physics for the discovery of neutrino
                  oscillations, which shows that neutrinos have mass}",
  url = {http://nobelprize.org/nobel_prizes/physics/laureates/2015/index.html},
  year = 2015,
}


@article{Oset1987,
title = "{Delta Self-Energy in Nuclear Matter}",
journal = "Nucl. Phys.",
volume = "A468",
number = "3",
pages = "631 - 652",
year = "1987",
note = "",
issn = "0375-9474",
doi = "10.1016/0375-9474(87)90185-0",
author = {Oset, E. and others},

}
@article{Minoo,
      author         = "Kabirnezhad, M.",
      title          = "{Single pion production in neutrino-nucleon
                        Interactions}",
      booktitle      = "{11th International Workshop on Neutrino-Nucleus
                        Scattering in the Few GeV Region (NuInt17) Toronto,
                        Ontario, Canada, June 25-30, 2017}",
      journal        = "Phys. Rev.",
      volume         = "D97",
      year           = "2018",
      number         = "1",
      pages          = "013002",
      doi            = "10.1103/PhysRevD.97.013002",
      eprint         = "1711.02403",
      archivePrefix  = "arXiv",
      primaryClass   = "hep-ph",
      SLACcitation   = "%%CITATION = ARXIV:1711.02403;%%"
}


@article{Hills2007,
   title = "{Anomaly Mediated Neutrino-Photon Interactions at Finite
                  Baryon Density}",
  author = {Harvey, J.A. and others},
  journal = {Phys. Rev. Lett.},
  volume = {99},
  issue = {26},
  pages = {261601},
  numpages = {4},
  year = {2007},
  month = {Dec},
  eprint = "0708.1281",
  archivePrefix  = "arXiv",
  primaryClass   = "hep-ph",
  publisher = {American Physical Society},
  doi = {10.1103/PhysRevLett.99.261601},
}

@article{Serot2012,
   title = "{Neutrino-Production of Photons and Pions from Nucleons in a Chiral Effective Field Theory for Nuclei}",
  author = {Serot, B.D. and others},
  journal = {Phys. Rev.},
  volume = {C86},
  issue = {1},
  pages = {015501},
  numpages = {16},
  year = {2012},
  month = {Jul},
  eprint = "1208.1553",
  archivePrefix  = "arXiv",
  primaryClass   = "nucl-th",
  publisher = {American Physical Society},
  doi = {10.1103/PhysRevC.86.015501},
}
@article{Rosner2015,
   title = "{Low-Energy Photon Production in Neutrino Neutral-Current
                  Interactions}",
  author = {Rosner, J.L.},
  journal = {Phys. Rev.},
  volume = {D91},
  issue = {9},
  pages = {093001},
  numpages = {4},
  year = {2015},
  month = {May},
  publisher = {American Physical Society},
  archivePrefix  = "arXiv",
 eprint = "1502.01704",
primaryClass   = "hep-ph",
  doi = {10.1103/PhysRevD.91.093001},
}
@article{MBexcess2009,
   title = "{Unexplained Excess of Electron-like Events from a 1-GeV
                  Neutrino Beam}",
  author = {Aguilar-Arevalo, A.A. and others},
  collaboration = {MiniBooNE Collaboration},
  journal = {Phys. Rev. Lett.},
  volume = {102},
  issue = {10},
  pages = {101802},
  numpages = {5},
  year = {2009},
  month = {Mar},
  archivePrefix  = "arXiv",
  primaryClass   = "hep-ex",
  publisher = {American Physical Society},
  doi = {10.1103/PhysRevLett.102.101802},
}
  
@article{AnuMiniBooNE2013,
  title = "{Improved Search for $\ensuremath{\overline{\nu}_{\mu}\rightarrow\overline{\nu}_{e}}$ Oscillations in the MiniBooNE Experiment}",
  author = {Aguilar-Arevalo, A.A. and others},
  collaboration = {MiniBooNE Collaboration},
  journal = {Phys. Rev. Lett.},
  volume = {110},
  issue = {16},
  pages = {161801},
  numpages = {6},
  year = {2013},
  archivePrefix  = "arXiv",
  primaryClass   = "hep-ex",
  month = {Apr},
  publisher = {American Physical Society},
  doi = {10.1103/PhysRevLett.110.161801},
}

@article{AGS1993,
      author         = {Mann, A.K. and others},
      title          = "{Long Baseline Neutrino Oscillation Experiment
                  at the AGS: Proposal}",
      year           = "1993",
      reportNumber   = "BNL-PROPOSAL-889",
      SLACcitation   = "%%CITATION = BNL-PROPOSAL-889;%%"
}

@article{FluxT2K2013,
    title = "{T2K Neutrino Flux Prediction}",
  author = {Abe, K. and others},
  collaboration = {T2K Collaboration},
  journal = {Phys. Rev.},
  volume = {D87},
  issue = {1},
  pages = {012001},
  numpages = {34},
  year = {2013},
  month = {Jan},
  archivePrefix  = "arXiv",
  primaryClass   = "hep-ex",
  publisher = {American Physical Society},
  doi = {10.1103/PhysRevD.87.012001},
}

@article{NEUT,
      author         = {Hayato, Y.},
      title          = "{A Neutrino Interaction Simulation Program
                  Library NEUT}",
      booktitle      = "{Neutrino interactions: From theory to Monte
                  Carlo simulations. Proceedings, 45th Karpacz Winter
                  School in Theoretical Physics, Ladek-Zdroj, Poland,
                  February 2-11, 2009}",
      url            = "http://www.actaphys.uj.edu.pl/fulltext?series=Reg&vol=40&page=2477",
      journal        = "Acta Phys. Polon.",
      volume         = "B40",
      year           = "2009",
      pages          = "2477-2489",
  archivePrefix  = "arXiv",
  primaryClass   = "hep-ex",
      SLACcitation   = "%%CITATION = APPOA,B40,2477;%%"
}
@article{GENIE1,
      author         = {Andreopoulos, C. and others},
      title          = "{The GENIE Neutrino Monte Carlo Generator}",
      journal        = "Nucl. Instrum. Meth.",
      volume         = "A614",
      year           = "2010",
      pages          = "87-104",
      doi            = "10.1016/J.NIMA.2009.12.009",
      eprint         = "0905.2517",
      archivePrefix  = "arXiv",
      primaryClass   = "hep-ph",
      reportNumber   = "FERMILAB-PUB-09-418-CD",
      SLACcitation   = "%%CITATION = ARXIV:0905.2517;%%"
}

@article{GENIE2,
      author         = {Andreopoulos, C. and others},
      title          = "{The GENIE Neutrino Monte Carlo Generator:
                  Physics and User Manual}",
      year           = "2015",
      eprint         = "1510.05494",
      archivePrefix  = "arXiv",
      primaryClass   = "hep-ph",
      reportNumber   = "FERMILAB-FN-1004-CD",
      SLACcitation   = "%%CITATION = ARXIV:1510.05494;%%"
}

@article{T2KLong,
      author         = {Abe, K. and others},
      title          = "{Measurements of Neutrino Oscillation in
                  Appearance and Disappearance Channels by the T2K
                  Experiment with $\ensuremath{6.6\times10^{20}}$
                  Protons on Target}",
      collaboration  = "T2K",
      journal        = "Phys. Rev.",
      volume         = "D91",
      year           = "2015",
      number         = "7",
      pages          = "072010",
      doi            = "10.1103/PhysRevD.91.072010",
      eprint         = "1502.01550",
      archivePrefix  = "arXiv",
      primaryClass   = "hep-ex",
      SLACcitation   = "%%CITATION = ARXIV:1502.01550;%%"
}

@article{nutev,
      author         = {Tzanov, M. and others},
      title          = "{Precise Measurement of Neutrino and
                  Anti-Neutrino Differential Cross Sections}",
      collaboration  = "NuTeV",
      journal        = "Phys. Rev.",
      volume         = "D74",
      year           = "2006",
      pages          = "012008",
      doi            = "10.1103/PhysRevD.74.012008",
      eprint         = "hep-ex/0509010",
      archivePrefix  = "arXiv",
      primaryClass   = "hep-ex",
      reportNumber   = "FERMILAB-PUB-05-453-E",
      SLACcitation   = "%%CITATION = HEP-EX/0509010;%%"
}

@article{Mousseau,
      author         = {Mousseau, J. and others},
      title          = "{Measurement of Partonic Nuclear Effects in
                  Deep-Inelastic Neutrino Scattering using MINERvA}",
      collaboration  = "MINERvA",
      journal        = "Phys. Rev.",
      volume         = "D93",
      year           = "2016",
      number         = "7",
      pages          = "071101",
      doi            = "10.1103/PhysRevD.93.071101",
      eprint         = "1601.06313",
      archivePrefix  = "arXiv",
      primaryClass   = "hep-ex",
      reportNumber   = "FERMILAB-PUB-15-556-ND",
      SLACcitation   = "%%CITATION = ARXIV:1601.06313;%%"
}

@article{chorus,
      author         = {Onengut, G. and others},
      title          = "{Measurement of Nucleon Structure Functions in
                  Neutrino Scattering}",
      collaboration  = "CHORUS",
      journal        = "Phys. Lett.",
      volume         = "B632",
      year           = "2006",
      archivePrefix  = "arXiv",
      primaryClass   = "hep-ex",
      pages          = "65-75",
      doi            = "10.1016/J.PhysLetB.2005.10.062",
      reportNumber   = "CERN-PH-EP-2005-048",
      SLACcitation   = "%%CITATION = PHLTA,B632,65;%%"
}


@article{CDHSW,
      author         = {Berge, J.P. and others},
      title          = "{A Measurement of Differential Cross-Sections
                  and Nucleon Structure Functions in Charged Current
                  Neutrino Interactions on Iron}",
      journal        = "Z. Phys.",
      volume         = "C49",
      year           = "1991",
      pages          = "187-224",
      doi            = "10.1007/BF01555493",
      reportNumber   = "CERN-EP-89-103",
      SLACcitation   = "%%CITATION = ZEPYA,C49,187;%%"
}

@article{Kendall2015,
        author         = {Wang, E. and others},
      title          = "{Photon Emission in Neutral Current
                  Interactions at the T2K Experiment}",
  journal = {Phys. Rev.},
  volume = {D92},
  issue = {5},
  pages = {053005},
  numpages = {8},
  year = {2015},
  month = {Sep},
  publisher = {American Physical Society},
      eprint         = "1507.02446",
      archivePrefix  = "arXiv",
      primaryClass   = "hep-ph",
      doi            = "10.1103/PhysRevD.92.053005",
      archivePrefix  = "arXiv",
      primaryClass   = "hep-ph",
      SLACcitation   = "%%CITATION = ARXIV:1507.02446;%%"
}
  
@article{NOMADncg,
      author         = {Kullenberg, C.T. and others},
      title          = "{A Search for Single Photon Events in Neutrino
                  Interactions}",
      collaboration  = "NOMAD",
      journal        = "Phys. Lett.",
      volume         = "B706",
      year           = "2012",
      pages          = "268-275",
      doi            = "10.1016/J.PhysLetB.2011.11.049",
      eprint         = "1111.3713",
      archivePrefix  = "arXiv",
      primaryClass   = "hep-ex",
      SLACcitation   = "%%CITATION = ARXIV:1111.3713;%%"
}
  
@article{NOMADnumuCC2008,
      author         = {Wu, Q. and others},
      title          = "{A Precise Measurement of the Muon
                  Meutrino-Nucleon Inclusive Charged Current
                  Cross-Section off an Isoscalar Target in the Energy
                  Range 2.5 < E(nu) < 40-GeV by NOMAD}",
      collaboration  = "NOMAD",
      journal        = "Phys. Lett.",
      volume         = "B660",
      year           = "2008",
      pages          = "19-25",
      doi            = "10.1016/J.PhysLetB.2007.12.027",
      eprint         = "0711.1183",
      archivePrefix  = "arXiv",
      primaryClass   = "hep-ex",
      SLACcitation   = "%%CITATION = ARXIV:0711.1183;%%"
}

@article{T2KSterile2015,
  title = "{Search for Short Baseline ${\ensuremath{\nu}}_{e}$
                  Disappearance with the T2K Near Detector}",
  author = {Abe, K. and others},
  collaboration = {T2K Collaboration},
  journal = {Phys. Rev.},
  volume = {D91},
  issue = {5},
  pages = {051102},
  numpages = {8},
  year = {2015},
  month = {Mar},
  publisher = {American Physical Society},
  doi = {10.1103/PhysRevD.91.051102},
      archivePrefix  = "arXiv",
      primaryClass   = "hep-ex",
}

@article{SterileWP2012,
      author         = {Abazajian, K.N. and others},
      title          = "{Light Sterile Neutrinos: A White Paper}",
      year           = "2012",
      eprint         = "1204.5379",
      archivePrefix  = "arXiv",
      primaryClass   = "hep-ph",
      reportNumber   = "FERMILAB-PUB-12-881-PPD",
      SLACcitation   = "%%CITATION = ARXIV:1204.5379;%%"
}
@article{TN033,
      author = {De Perio, P. and others},
      title  = "{NEUT Nuclear Effects (FSI)}",
      year   = "2012",
      url    = "https://www.t2k.org/docs/technotes/033",
      note   = "T2K-TN-033-v2.0, only accessible to T2K collaborators",
}


@article{TN091,
      author = {Oser, S.},
      title  = "{Elemental Composition of the FGD XY Modules}",
      year   = "2010",
      url    = "https://www.t2k.org/docs/technotes/091",
      note   = "T2K-TN-091-v1.2, only accessible to T2K collaborators",
}
@article{TN149,
      author = {Caravaca, J. and others},
      title  = "{Measurement of the Electron Neutrino Beam Component
                  in the ND280 Tracker for 2013 Analysis}",
      url    = "https://www.t2k.org/docs/technotes/149",
      year   = "2014",
      note   = "T2K-TN-149-v3, only accessible to T2K collaborators",
}

@article{TN215,
      author = {Furmansky, A. and others},
      title  = "{Measuring the Flux-Integrated ${\ensuremath{CC0\pi}}$
                  Differential Cross Section at ND280}",
      year   = "2015",
      url    = "https://www.t2k.org/docs/technotes/215",
      note   = "T2K-TN-2015-v2.4, only accessible to T2K collaborators",
}

@article{TN212,
      author = {Bartet, P. and others},
      title  = "{${\ensuremath{\nu_{\mu}}}$ Event Selections in the
                  ND280 Tracker Using Run 2+3+4 Data}",
      url    = "https://www.t2k.org/docs/technotes/212",
      year   = "2015",
      note   = "T2K-TN-212-v0.9, only accessible to T2K collaborators",
}

@article{TN282,
      author = {Christodoulou, G. and others},
      title  = "{Selection of ${\ensuremath{\nu_{e}}}$ and
                  ${\ensuremath{\overline{\nu_{e}}}}$ in the ND280
                  Tracker Using Anti-Neutrino Beam Data from Run5 and
                  Run6}",
      url    = "https://www.t2k.org/docs/technotes/282",
      year   = "2016",
      note   = "T2K-TN-282-v0.5, only accessible to T2K collaborators",
}


@article{MinervaRatios,
      author         = {Tice, B.G. and others},
      title          = "{Measurement of Ratios of $\nu_{\mu}$
                  Charged-Current Cross Sections on C, Fe, and Pb to
                  CH at Neutrino Energies 2-20 GeV}",
      collaboration  = "MINERvA",
      journal        = "Phys. Rev. Lett.",
      volume         = "112",
      year           = "2014",
      number         = "23",
      pages          = "231801",
      doi            = "10.1103/PhysRevLett.112.231801",
      eprint         = "1403.2103",
      archivePrefix  = "arXiv",
      primaryClass   = "hep-ex",
      reportNumber   = "FERMILAB-PUB-14-025-E",
      SLACcitation   = "%%CITATION = ARXIV:1403.2103;%%"
}
@article{TN221,
      author = {Bordoni, S. and others},
      title  = "{TPC-PID Status and Performances with Production 6}",
      year   = "2016",
      url    = "https://www.t2k.org/docs/technotes/221",
      note   = "T2K-TN-63-v1, only accessible to T2K collaborators",
}

@article{TN263,
      author = {Di Lodovico, F. and others},
      title  = "{T2K Cross Section Measurement Best Practice}",
      year   = "2016",
      url    = "https://www.t2k.org/docs/technotes/263",
      note   = "T2K-TN-263-v1, only accessible to T2K collaborators",
}

@article{Cousins1992,
      author         = {Cousins, R.D. and others},
      title          = "{Incorporating Systematic Uncertainties into
                  an Upper Limit}",
      journal        = "Nucl. Instrum. Meth.",
      volume         = "A320",
      year           = "1992",
      pages          = "331-335",
      doi            = "10.1016/0168-9002(92)90794-5",
      reportNumber   = "DOE-ER-40389-69-REV, DOE-ER-40389-69",
      SLACcitation   = "%%CITATION = NUIMA,A320,331;%%"
}



@article{PDG2014,
   author         = {Olive, K.A. and others},
   title          = "{Review of Particle Physics}",
   collaboration  = "Particle Data Group",
   journal        = "Chin. Phys.",
   volume         = "C38",
   year           = "2014",
   pages          = "090001",
   doi            = "10.1088/1674-1137/38/9/090001",
   SLACcitation   = "%%CITATION = CHPHD,C38,090001;%%"
}

@misc{MarkHartzFluxUncertainty2017,
   author = {Hartz, M.},
   note   = "Presentation at the beam meeting",
   url    = {http://www.t2k.org/beam/NuFlux/FluxRelease/13arelease/13av2-flux-uncertainty},
   month  = "April",
   year   = "2017",
   title  = "{Flux Uncertainty Update for 13av2 and Run 8}",
}
@misc{TomislavVladisavljevicFluxTuning2017,
   author = {Vladisavljevic, T.},
   note   = "Presentation at the beam meeting",
   url = "http://www.t2k.org/beam/NuFlux/FluxRelease/13arelease/13av2-tuned-fluxes-for-runs-1-8-slides",
   month  = "April",
   year   = "2017",
   title  = "{Flux Release Runs 1-7 New Release Using Tuning Code
                  13av2+ Run 8 Release}",
}



@misc{nd280highland,
   author = {Izmaylov, A.},
   url    = {http://www.t2k.org/nd280/physics/xsec/meetings/2017/workshop/talks/highland/view},
   month  = "Jun",
   year   = "2017",
   title  = "{HighLAND Tutorial}",
}

@misc{t2kreweight,
   author = {Mahn, K.},
   url    = {https://www.t2k.org/nd280/software/meetings/2011/sept_soft_tutorial/t2kreweightv2/view},
   month  = "Sep",
   year   = "2011",
   title  = "{T2KReWeight Tutorial}",
}

@misc{FSITalk,
   author = "Pinzon, E.",
   note   = "Presentation at the NIWG meeting",
   url    = {http://www.t2k.org/asg/xsec/meetings/2016/niwg-24june2016-meeting/Current-FSI-Heavy_Targets/view},
   month  = "Jun",
   year   = "2016",
   title  = "{FSI on Heavy Targets}",
}


@phdthesis{MarkScott2013,
   author = "Scott, M.",
   month  = "Aug",
   year   = "2013",
   url    = {http://www.t2k.org/docs/thesis/036},
   title  = "{Measuring Charged Current Neutrino Interactions in the
                  Electromagnetic Calorimeters of the ND280 Detector}",
}

@phdthesis{DomBrailsford2016,
   author = {Brailsford, D.},
   month  = "Dec",
   school = "Imperial College",
   year   = "2015",
   url    = {http://www.t2k.org/docs/thesis/066},
   title  = "{Measurement of the Charged Current Inclusive Muon
                  Neutrino Interaction Cross-Section on Lead Using the
                  T2K ND280 Electromagnetic Calorimeters}",
}

@phdthesis{SamShort2013,
   author = {Short, S.},
   month  = "Jun",
   school = "Imperial College",
   year   = "2013",
   url    = {http://www.t2k.org/docs/thesis/031},
   title  = "{Study of Neutrino-Induced Neutral Current Neutral Pion
                  Production in the T2K Near Detector}",
}

@article{TN310,
    author = {Garcia, A. and Sanchez, F.},
    title  = "{Measurement of the flux integrated
                  ${\ensuremath{\nu_\mu}}$ inclusive charge current
                  cross section in FGD1}",
    year   = "2017",
    url    = "https://www.t2k.org/docs/technotes/310",
    note   = "T2K-TN-310-V1.0, only accessible to T2K collaborators",
}

@article{TN348,
    author = {Berner, R.},
    title  = "{${\ensuremath{4\pi}}$ coverage event selection for
                  ${\ensuremath{\bar{\nu}_\mu}}$ CC inclusive
                  interaction in FGD1}",
    year   = "2018",
    url    = "https://www.t2k.org/docs/technotes/348",
    note   = "T2K-TN-348, only accessible to T2K collaborators",
}

@article{TN258,
    author = {Yuan, T. and others},
    title  = "{A Double Differential Measurement of the Flux Averaged
                  ${\ensuremath{\nu_\mu CC0\pi}}$ Cross Section on
                  Water}",
    year   = "2016",
    url    = "https://www.t2k.org/docs/technotes/258",
    note   = "T2K-TN-258-v4.6.1, only accessible to T2K collaborators",
}

@article{TN313,
    author = {Lasorak, P. and others},
    title  =  "{A Systematic Error for Tracker OOFV Photons}",
    year   = "2016",
    url    = "https://www.t2k.org/docs/technotes/313",
    note   = "T2K-TN-313-v0r0, only accessible to T2K collaborators",
}

@article{P0Dpaper2012,
      author        = {Assylbekov, S. and others},
      title         = "{The T2K ND280 Off-Axis Pi-Zero Detector}",
      journal       = "Nucl. Instrum. Meth.",
      volume        = "A686",
      year          = "2012",
      pages         = "48-63",
      doi           = "10.1016/J.NIMA.2012.05.028",
      eprint        = "1111.5030",
      archivePrefix = "arXiv",
      primaryClass  = "physics.ins-det",
      SLACcitation  = "%%CITATION = ARXIV:1111.5030;%%"
}


@article{TN193,
      author = {Bercellie, A. and others},
      title  = "{Implementation of Additional NIWG Cross Section
                  Parameterizations for 2014 Analyses}",
      year   = {2014},
      url    = "https://www.t2k.org/docs/technotes/193",
      note   = {T2K-TN-193-v1.1, only accessible to T2K collaborators},
}

@article{TN315,
      author = {Bolognesi, S. and others},
      title  = "{NIWG Model and Uncertainties for 2017 Oscillation
                  Analysis}",
      url    = "https://www.t2k.org/docs/technotes/315",
      year   = {2017},
      note   = {T2K-TN-315-v5.0, only accessible to T2K collaborators},
}

@article{TN220,
      author = {Hartz, M. and others},
      title  = "{Constraining the Flux and Cross Section Models with
                  Data from the ND280 Detector for the 2014/15
                  Oscillation Analysis}",
      year   = {2015},
      url    = "https://www.t2k.org/docs/technotes/220",
      note   = {T2K-TN-220-v4, only accessible to T2K collaborators},
}

@article{TN113,
      author = {De Perio, P. and others},
      title  = "{Implementation of the NIWG Cross Section
                  Parametrization}",
      year   = {2012},
      url    = "https://www.t2k.org/docs/technotes/113",
      note   = {T2K-TN-113-v4, only accessible to T2K collaborators},
}

@article{NUISANCE2017,
      author       = {Stowell, P. and others},
      title        = "{NUISANCE: a Neutrino Cross-Section Generator
                  Tuning and Comparison Framework}",
      year         = {2017},
      journal      = {JINST},
      doi          = {10.1088/1748-0221/12/01/P01016},
      volume       = {12},
      pages        = {P01016},
      eprint        = "1612.07393",
      archivePrefix = "arXiv",
      primaryClass  = "physics.ins-det",
      SLACcitation = "%%CITATION = ARXIV:1612.07393;%%"
}

@article{TN117,
author = {Ravonel, M.},
title = "{Measurement of the Flux Averaged Muon Neutrino Inclusive
                  Charged Current Cross-Section at the Near tector}",
year = {2012},
url    = "https://www.t2k.org/docs/technotes/117",
note = {T2K-TN-117-v2.4, only accessible to T2K collaborators},
}

@article{T2KCalib,
author = {The ND280 Calibration Group},
title = "{Calibration of the ND280 Scintillator Detectors}",
url    = "https://www.t2k.org/docs/technotes/037",
year = {2012},
note = {T2K-TN-037, only accessible to T2K collaborators},
}

@article{TN108,
author = {De Perio, P. and others},
title  = "{Cross Section Parameters for the 2012a Oscillation
                  Analysis}",
year   = {2012},
url    = "https://www.t2k.org/docs/technotes/108",
note   = {T2K-TN-108-v1.5, only accessible to T2K collaborators},
}

@article{TN152,
author = {Bojechko, C. and others},
title  = "{CC-Multiple-Pion ${\ensuremath{\nu}}_{\mu}$ Event
                  Selections in the ND280 Tracker Using Run 1+2+3+4
                  Data}",
year   = {2013},
url    = "https://www.t2k.org/docs/technotes/152",
note   = {T2K-TN-152-v4.2, only accessible to T2K collaborators},
}

@article{Reines1953,
  title = "{Detection of the Free Neutrino}",
  author = {Reines, F. and others},
  journal = {Phys. Rev.},
  volume = {92},
  issue = {3},
  pages = {830--831},
  numpages = {0},
  year = {1953},
  month = {Nov},
  publisher = {American Physical Society},
  doi = {10.1103/PhysRev.92.830},
}

@article{Pauli1930,
      author         = {Pauli, W.},
      title          = "{Dear Radioactive Ladies and Gentlemen}",
      journal        = "Phys. Today",
      volume         = "31N9",
      year           = "1978",
      pages          = "27",
      url            = {http://inspirehep.net/record/45177/files/meitner_0393.pdf},
      SLACcitation   = "%%CITATION = PHTOA,31N9,27;%%"
}

@article{SK2003,
      author         = {Fukuda, Y. and others},
      title          = "{The Super-Kamiokande Detector}",
      booktitle      = "{Advanced computing and analysis techniques in
                  physics research. Proceedings, 8th International
                  Workshop, ACAT 2002, Moscow, Russia, June 24-28,
                  2002}",
      collaboration  = "Super-Kamiokande",
      journal        = "Nucl. Instrum. Meth.",
      volume         = "A501",
      year           = "2003",
      pages          = "418-462",
      doi            = "10.1016/S0168-9002(03)00425-X",
      archivePrefix = "arXiv",
      primaryClass  = "physics.ins-det",
      SLACcitation   = "%%CITATION = NUIMA,A501,418;%%"
}

@article{T2K2011,
      author         = {Abe, K. and others},
      title          = "{The T2K Experiment}",
      collaboration  = "T2K",
      journal        = "Nucl. Instrum. Meth.",
      volume         = "A659",
      year           = "2011",
      pages          = "106-135",
      doi            = "10.1016/J.NIMA.2011.06.067",
      eprint         = "1106.1238",
      archivePrefix  = "arXiv",
      primaryClass   = "physics.ins-det",
      SLACcitation   = "%%CITATION = ARXIV:1106.1238;%%"
}

@article{SNO2000,
title = "{The Sudbury Neutrino Observatory}",
journal = "Nucl. Instrum. Meth.",
volume = "449",
number = "1",
pages = "172 - 207",
year = "2000",
note = "",
issn = "0168-9002",
doi = "10.1016/S0168-9002(99)01469-2",
author = {Boger, J. and others},
eprint = "nucl-ex/9910016",
archivePrefix = "arXiv",
      primaryClass  = "nucl-ex"
}
@article{Hartz,
   author = {Hartz, M.},
    title = "{Commissioning of the T2K Beamline}",
 keywords = {neutrino mass, proton beams, muon decay, linear
                  accelerators, Neutrino mass and mixing, Inelastic
                  proton scattering, Decays of muons, Linear
                  accelerators},
booktitle = {American Institute of Physics Conference Series},
     year = 2010,
   series = {American Institute of Physics Conference Series},
   volume = 1222,
   editor = {{Kaplan}, D. and {Goodman}, M. and {Sullivan}, Z.},
    month = mar,
    pages = {327-331},
      doi = {10.1063/1.3399335},
   adsurl = {http://adsabs.harvard.edu/abs/2010AIPC.1222..327H},
  adsnote = {Provided by the SAO/NASA Astrophysics Data System}
}

@article{Garvey:1993sg,
      author         = {Garvey, G. and others},
      title          = "{Role of Strange Quarks in Quasielastic
                  Neutrino Scattering}",
      journal        = "Phys. Rev.",
      volume         = "C48",
      year           = "1993",
      pages          = "1919-1925",
      doi            = "10.1103/PhysRevC.48.1919",
      SLACcitation   = "%%CITATION = PHRVA,C48,1919;%%"
}
@article{Garvey:1992cg,
      author         = {Garvey, G.T. and others},
      title          = "{Determination of Proton Strange Form-Factors
                  from Neutrino p Elastic Scattering}",
      journal        = "Phys. Rev.",
      volume         = "C48",
      year           = "1993",
      pages          = "761-765",
      doi            = "10.1103/PhysRevC.48.761",
      reportNumber   = "LA-UR-93-0037",
      SLACcitation   = "%%CITATION = PHRVA,C48,761;%%"
}
@article{AguilarArevalo:2013nkf,
      author         = {Aguilar-Arevalo, A.A. and others},
      title          = "{Measurement of the Antineutrino
                  Neutral-Current Elastic Differential Cross Section}",
      collaboration  = "MiniBooNE",
      journal        = "Phys. Rev.",
      volume         = "D91",
      year           = "2015",
      number         = "1",
      pages          = "012004",
      doi            = "10.1103/PhysRevD.91.012004",
      eprint         = "1309.7257",
      archivePrefix  = "arXiv",
      primaryClass   = "hep-ex",
      reportNumber   = "FERMILAB-PUB-13-426-E-PPD",
      SLACcitation   = "%%CITATION = ARXIV:1309.7257;%%"
}

@article{PhysRevLett.118.231801,
  title = "{Constraints on Oscillation Parameters from
                  ${\ensuremath{\nu}}_{e}$ Appearance and
                  ${\ensuremath{\nu}}_{\ensuremath{\mu}}$
                  Disappearance in NOvA}",
  author = {Adamson, P. and others},
  collaboration = {NOvA Collaboration},
  journal = {Phys. Rev. Lett.},
  volume = {118},
  issue = {23},
  pages = {231801},
  numpages = {7},
  year = {2017},
  month = {Jun},
  eprint = "1703.03328",
      archivePrefix = "arXiv",
      primaryClass  = "hep-ex",
  publisher = {American Physical Society},
  doi = {10.1103/PhysRevLett.118.231801},
}


@article{Aliaga:2015wva,
      author         = {Le, T. and others},
      title          = "{Single Neutral Pion Production by
                  Charged-Current $\ensuremath{\bar{\nu}_\mu}$
                  Interactions on Hydrocarbon at $\ensuremath{\langle
                  E_\nu \rangle = 3.6}$ GeV}",
      collaboration  = "MINERvA",
      journal        = "Phys. Lett.",
      volume         = "B749",
      year           = "2015",
      pages          = "130-136",
      doi            = "10.1016/J.PhysLetB.2015.07.039",
      eprint         = "1503.02107",
      archivePrefix  = "arXiv",
      primaryClass   = "hep-ex",
      reportNumber   = "FERMILAB-PUB-15-075-ND",
      SLACcitation   = "%%CITATION = ARXIV:1503.02107;%%"
}


@article{AguilarArevalo:2013dva,
      author         = {Aguilar-Arevalo, A.A. and others},
      title          = "{First Measurement of the Muon Antineutrino
                  Double-Differential Charged-Current Quasielastic
                  Cross Section}",
      collaboration  = "MiniBooNE",
      journal        = "Phys. Rev.",
      volume         = "D88",
      year           = "2013",
      number         = "3",
      pages          = "032001",
      doi            = "10.1103/PhysRevD.88.032001",
      eprint         = "1301.7067",
      archivePrefix  = "arXiv",
      primaryClass   = "hep-ex",
      reportNumber   = "FERMILAB-PUB-13-017-E",
      SLACcitation   = "%%CITATION = ARXIV:1301.7067;%%"
}

@article{AguilarArevalo:2008xs,
      author         = {Aguilar-Arevalo, A.A. and others},
      title          = "{First Observation of Coherent
                  $\ensuremath{\pi^0}$ Production in Neutrino Nucleus
                  Interactions with $\ensuremath{E_{\nu}<2}$ GeV}",
      collaboration  = "MiniBooNE",
      journal        = "Phys. Lett.",
      volume         = "B664",
      year           = "2008",
      pages          = "41-46",
      doi            = "10.1016/J.PhysLetB.2008.05.006",
      eprint         = "0803.3423",
      archivePrefix  = "arXiv",
      primaryClass   = "hep-ex",
      reportNumber   = "FERMILAB-PUB-08-102-E",
      SLACcitation   = "%%CITATION = ARXIV:0803.3423;%%"
}
@article{Wolcott:2016hws,
      author         = {Wolcott, J. and others},
      title          = "{Evidence for Neutral-Current Diffractive
                  $\ensuremath{\pi^0}$ Production from Hydrogen in
                  Neutrino Interactions on Hydrocarbon}",
      collaboration  = "MINERvA",
      journal        = "Phys. Rev. Lett.",
      volume         = "117",
      year           = "2016",
      number         = "11",
      pages          = "111801",
      doi            = "10.1103/PhysRevLett.117.111801",
      eprint         = "1604.01728",
      archivePrefix  = "arXiv",
      primaryClass   = "hep-ex",
      reportNumber   = "FERMILAB-PUB-16-108-ND",
      SLACcitation   = "%%CITATION = ARXIV:1604.01728;%%"
}
@article{Wolcott:2015hda,
      author         = {Wolcott, J. and others},
      title          = "{Measurement of Electron Neutrino Quasielastic
                  and Quasielasticlike Scattering on Hydrocarbon at
                  $\ensuremath{\langle E_{\nu} \rangle = 3.6}$ GeV}",
      collaboration  = "MINERvA",
      journal        = "Phys. Rev. Lett.",
      volume         = "116",
      year           = "2016",
      number         = "8",
      pages          = "081802",
      doi            = "10.1103/PhysRevLett.116.081802",
      eprint         = "1509.05729",
      archivePrefix  = "arXiv",
      primaryClass   = "hep-ex",
      reportNumber   = "FERMILAB-PUB-15-399-ND",
      SLACcitation   = "%%CITATION = ARXIV:1509.05729;%%"
}


@article{AguilarArevalo:2009ww,
      author         = {Aguilar-Arevalo, A.A. and others},
      title          = "{Measurement of $\ensuremath{\nu_\mu}$ and
                  $\ensuremath{\bar{\nu}_\mu}$ Induced Neutral Current
                  Single $\ensuremath{\pi^0}$ Production Cross
                  Sections on Mineral Oil at $\ensuremath{E_\nu \sim
                  {\cal O}(1 {\rm GeV})}$}",
      collaboration  = "MiniBooNE",
      journal        = "Phys. Rev.",
      volume         = "D81",
      year           = "2010",
      pages          = "013005",
      doi            = "10.1103/PhysRevD.81.013005",
      eprint         = "0911.2063",
      archivePrefix  = "arXiv",
      primaryClass   = "hep-ex",
      reportNumber   = "FERMILAB-PUB-09-583-E",
      SLACcitation   = "%%CITATION = ARXIV:0911.2063;%%"
}

@article{KULLENBERG2009177,
title = "{A Measurement of Coherent Neutral Pion Production in
                  Neutrino Neutral Current Interactions in the NOMAD
                  Experiment}",
journal = "Phys. Lett.",
volume = "B682",
number = "2",
pages = "177 - 184",
year = "2009",
issn = "0370-2693",
doi = "10.1016/J.PhysLetB.2009.10.083",
author = {Kullenberg, C.T. and others},
keywords = "Coherent pion neutrino neutral current",
eprint = "0910.0062",
archivePrefix = "arXiv",
      primaryClass  = "physics.ins-det"
}

@article{Nakayama:2004dp,
      author         = {Nakayama, S. and others},
      title          = "{Measurement of Single $\ensuremath{\pi^0}$
                  Production in Neutral Current Neutrino Interactions
                  with Water by a 1.3-GeV Wide Band Muon Neutrino
                  Beam}",
      collaboration  = "K2K",
      journal        = "Phys. Lett.",
      volume         = "B619",
      year           = "2005",
      pages          = "255-262",
      doi            = "10.1016/J.PhysLetB.2005.05.044",
      eprint         = "hep-ex/0408134",
      archivePrefix  = "arXiv",
      primaryClass   = "hep-ex",
      SLACcitation   = "%%CITATION = HEP-EX/0408134;%%"
}


@article{Alberico:1998qw,
      author         = {Alberico, W.M. and others},
      title          = "{Strange Form-Factors of the Proton: A New
                  Analysis of the Neutrino (Anti-Neutrino) Data of the
                  BNL-734 Experiment}",
      journal        = "Nucl. Phys.",
      volume         = "A651",
      year           = "1999",
      pages          = "277-286",
      doi            = "10.1016/S0375-9474(99)00142-6",
      eprint         = "hep-ph/9812388",
      archivePrefix  = "arXiv",
      primaryClass   = "hep-ph",
      reportNumber   = "SFB-375-309, TUM-HEP-338-98, DFTT-71-98",
      SLACcitation   = "%%CITATION = HEP-PH/9812388;%%"
}


@article{Ahrens:1986xe,
      author         = {Ahrens, L.A. and others},
      title          = "{Measurement of Neutrino - Proton and
                  anti-neutrino - Proton Elastic Scattering}",
      journal        = "Phys. Rev.",
      volume         = "D35",
      year           = "1987",
      pages          = "785",
      doi            = "10.1103/PhysRevD.35.785",
      reportNumber   = "Print-86-0919 (PENN), BNL-E-734-86-1",
      SLACcitation   = "%%CITATION = PHRVA,D35,785;%%"
}


@article{Hasegawa:2005td,
      author         = {Hasegawa, M. and others},
      title          = "{Search for Coherent Charged Pion Production
                  in Neutrino-Carbon Interactions}",
      collaboration  = "K2K",
      journal        = "Phys. Rev. Lett.",
      volume         = "95",
      year           = "2005",
      pages          = "252301",
      doi            = "10.1103/PhysRevLett.95.252301",
      eprint         = "hep-ex/0506008",
      archivePrefix  = "arXiv",
      primaryClass   = "hep-ex",
      reportNumber   = "DAPNIA-05-106",
      SLACcitation   = "%%CITATION = HEP-EX/0506008;%%"
}


@article{Aderholz:1988cs,
      author         = {Aderholz, M. and others},
      title          = "{Coherent Production of $\ensuremath{\pi^+
                  \pi^-}$ Mesons by Charged Current Interactions of
                  Neutrinos and Anti-neutrinos on Neon Nuclei at the
                  Tevatron}",
      booktitle      = "{13th International Conference on Neutrino
                  Physics and Astrophysics (Neutrino 88) Boston,
                  Massachusetts, June 5-11, 1988}",
      collaboration  = "E632",
      journal        = "Phys. Rev. Lett.",
      volume         = "63",
      year           = "1989",
      pages          = "2349",
      doi            = "10.1103/PhysRevLett.63.2349",
      reportNumber   = "IIHE-88-08",
      SLACcitation   = "%%CITATION = PRLTA,63,2349;%%"
}
@article{PhysRevD.77.053001,
  title = "{Form Factors in the Quark Resonance Model}",
  author = {Graczyk, K.M. and others},
  journal = {Phys. Rev.},
  volume = {D77},
  issue = {5},
  pages = {053001},
  numpages = {12},
  year = {2008},
  month = {Mar},
  eprint = "0707.3561",
      archivePrefix = "arXiv",
      primaryClass  = "hep-ph",
  publisher = {American Physical Society},
  doi = {10.1103/PhysRevD.77.053001},
}


@article{Vilain:1993sf,
      author         = {Vilain, P. and others},
      title          = "{Coherent Single Charged Pion Production by
                  Neutrinos}",
      collaboration  = "CHARM-II",
      journal        = "Phys. Lett.",
      volume         = "B313",
      year           = "1993",
      pages          = "267-275",
      doi            = "10.1016/0370-2693(93)91223-A",
      reportNumber   = "CERN-PPE-93-112",
      SLACcitation   = "%%CITATION = PHLTA,B313,267;%%"
}





@article{Abe:2017vif,
      author         = {Abe, K. and others},
      title          = "{Measurement of Neutrino and Antineutrino
                  Oscillations by the T2K Experiment Including a New
                  Additional Sample of $\ensuremath{\nu_e}$
                  Interactions at the Far Detector}",
      collaboration  = "T2K",
  journal = {Phys. Rev.},
  volume = {D96},
  issue = {9},
  pages = {092006},
  numpages = {49},
  year = {2017},
  month = {Nov},
  publisher = {American Physical Society},
      doi            = {10.1103/PhysRevD.96.092006},
      eprint         = "1707.01048",
      archivePrefix  = "arXiv",
      primaryClass   = "hep-ex",
      SLACcitation   = "%%CITATION = ARXIV:1707.01048;%%"
}

@article{Blietschau:1977mu,
      author         = {Blietschau, J. and others},
      title          = "{Total Cross-Sections for electron-neutrino
                  and anti-electron-neutrino Interactions and Search
                  for Neutrino Oscillations and Decay}",
      collaboration  = "Gargamelle",
      journal        = "Nucl. Phys.",
      volume         = "B133",
      year           = "1978",
      pages          = "205-219",
      doi            = "10.1016/0550-3213(78)90299-7",
      reportNumber   = "PRINT-78-0009 (CERN)",
      SLACcitation   = "%%CITATION = NUPHA,B133,205;%%"
}

@article{Day:2012gb,
      author         = {Day, M. and others},
      title          = "{Differences in Quasi-Elastic Cross-Sections
                  of Muon and Electron Neutrinos}",
      journal        = "Phys. Rev.",
      volume         = "D86",
      year           = "2012",
      pages          = "053003",
      doi            = "10.1103/PhysRevD.86.053003",
      eprint         = "1206.6745",
      archivePrefix  = "arXiv",
      primaryClass   = "hep-ph",
      reportNumber   = "FERMILAB-PUB-12-314-PPD",
      SLACcitation   = "%%CITATION = ARXIV:1206.6745;%%"
}


@article{Allport:1988cq,
      author         = {Allport, P.P. and others},
      title          = "{Coherent Production of $\ensuremath{\pi^+}$
                  Mesons in Neutrino - Neon Interactions}",
      booktitle      = "{13th International Conference on Neutrino
                  Physics and Astrophysics (Neutrino 88) Boston,
                  Massachusetts, June 5-11, 1988}",
      collaboration  = "BEBC WA59",
      journal        = "Z. Phys.",
      volume         = "C43",
      year           = "1989",
      pages          = "523-526",
      doi            = "10.1007/BF01550929",
      reportNumber   = "IIHE-88-06",
      SLACcitation   = "%%CITATION = ZEPYA,C43,523;%%"
}

@article{Grabosch:1985mt,
      author         = {Grabosch, H.J. and others},
      title          = "{Coherent Pion Production in Neutrino and
                  Anti-Neutrino Interactions on Nuclei of Heavy Freon
                  Molecules}",
      collaboration  = "SKAT",
      journal        = "Z. Phys.",
      volume         = "C31",
      year           = "1986",
      pages          = "203",
      doi            = "10.1007/BF01479528",
      reportNumber   = "PHE-85-12",
      SLACcitation   = "%%CITATION = ZEPYA,C31,203;%%"
}

@article{Rein:2006di,
      author         = {Rein, D. and others},
      title          = "{PCAC and the Deficit of Forward Muons in pi+
                  Production by Neutrinos}",
      journal        = "Phys. Lett.",
      volume         = "B657",
      year           = "2007",
      pages          = "207-209",
      doi            = "10.1016/J.PhysLetB.2007.10.025",
      eprint         = "hep-ph/0606185",
      archivePrefix  = "arXiv",
      primaryClass   = "hep-ph",
      SLACcitation   = "%%CITATION = HEP-PH/0606185;%%"
}

@article{Berger:2008xs,
      author         = {Berger, C. and others},
      title          = "{PCAC and Coherent Pion Production by Low
                  Energy Neutrinos}",
      journal        = "Phys. Rev.",
      volume         = "D79",
      year           = "2009",
      pages          = "053003",
      doi            = "10.1103/PhysRevD.79.053003",
      eprint         = "0812.2653",
      archivePrefix  = "arXiv",
      primaryClass   = "hep-ph",
      SLACcitation   = "%%CITATION = ARXIV:0812.2653;%%"
}


@article{Abe:2016fic,
      author         = {Abe, K. and others},
      title          = "{Measurement of Coherent
                  $\ensuremath{\pi^{+}}$ Production in Low Energy
                  Neutrino-Carbon Scattering}",
      collaboration  = "T2K",
      journal        = "Phys. Rev. Lett.",
      volume         = "117",
      year           = "2016",
      number         = "19",
      pages          = "192501",
      doi            = "10.1103/PhysRevLett.117.192501",
      eprint         = "1604.04406",
      archivePrefix  = "arXiv",
      primaryClass   = "hep-ex",
      SLACcitation   = "%%CITATION = ARXIV:1604.04406;%%"
}


@article{Acciarri:2014eit,
      author         = {Acciarri, R. and others},
      title          = "{First Measurement of Neutrino and
                  Antineutrino Coherent Charged Pion Production on
                  Argon}",
      collaboration  = "ArgoNeuT",
      journal        = "Phys. Rev. Lett.",
      volume         = "113",
      year           = "2014",
      number         = "26",
      pages          = "261801",
      doi            = "10.1103/PhysRevLett.113.261801",
      note           = "[Erratum: Phys. Rev. Lett.114,no.3,039901(2015)]",
      eprint         = "1408.0598",
      archivePrefix  = "arXiv",
      primaryClass   = "hep-ex",
      reportNumber   = "FERMILAB-PUB-14-258-E",
      SLACcitation   = "%%CITATION = ARXIV:1408.0598;%%"
}

@article{Acciarri:2015ncl,
      author         = "Acciarri, R. and others",
      title          = "{Measurement of $\nu_{\mu}$ and $\bar{\nu}_{\mu}$ neutral
                        current $\pi^{0} \rightarrow \gamma\gamma$ production in
                        the ArgoNeuT detector}",
      collaboration  = "ArgoNeuT",
      journal        = "Phys. Rev.",
      volume         = "D96",
      year           = "2017",
      number         = "1",
      pages          = "012006",
      doi            = "10.1103/PhysRevD.96.012006",
      eprint         = "1511.00941",
      archivePrefix  = "arXiv",
      primaryClass   = "hep-ex",
      reportNumber   = "FERMILAB-PUB-15-479-ND",
      SLACcitation   = "%%CITATION = ARXIV:1511.00941;%%"
}


@article{Higuera:2014azj,
      author         = {Higuera, A. and others},
      title          = "{Measurement of Coherent Production of
                  $\ensuremath{\pi^\pm}$ in Neutrino and Antineutrino
                  Beams on Carbon from $\ensuremath{E_\nu}$ of $1.5$
                  to $20$ GeV}",
      collaboration  = "MINERvA",
      journal        = "Phys. Rev. Lett.",
      volume         = "113",
      year           = "2014",
      number         = "26",
      pages          = "261802",
      doi            = "10.1103/PhysRevLett.113.261802",
      eprint         = "1409.3835",
      archivePrefix  = "arXiv",
      primaryClass   = "hep-ex",
      reportNumber   = "FERMILAB-PUB-14-331-E",
      SLACcitation   = "%%CITATION = ARXIV:1409.3835;%%"
}



@article{PhysRevD.78.112004,
  title = "{Search for Charged Current Coherent Pion Production on
                  Carbon in a few-GeV Neutrino Beam}",
  author = {Hiraide, K. and others},
  collaboration = {The SciBooNE Collaboration},
  journal = {Phys. Rev. D},
  volume = {78},
  issue = {11},
  pages = {112004},
  numpages = {19},
  year = {2008},
  month = {Dec},
  publisher = {American Physical Society},
  doi = {10.1103/PhysRevD.78.112004},
      archivePrefix = "arXiv",
      primaryClass  = "physics.ins-det",
}

@article{LastT2K,
   author = {Hartz, M.},
    title = "{The 50th KEK colloquium: T2K neutrino oscillation
                  results with data up to 2017 summer}",
     year = 2017,
   url = {https://kds.kek.jp/indico/event/25337/},
}

@article{ReinCohGamma,
      author         = {Rein, D. and others},
      title          = "{Coherent Production of Photons by Neutrinos}",
      journal        = "Phys. Lett.",
      volume         = "104B",
      year           = "1981",
      pages          = "394-398",
      doi            = "10.1016/0370-2693(81)90706-1",
      note           = "[Erratum: Phys. Lett.106B,513(1981)]",
      reportNumber   = "PITHA-81-15",
      SLACcitation   = "%%CITATION = PHLTA,104B,394;%%"
}

@article{DayaBay2015,
      author         = {An, F.P. and others},
      title          = "{The Detector System of The Daya Bay Reactor
                  Neutrino Experiment}",
      collaboration  = "Daya Bay",
      journal        = "Nucl. Instrum. Meth.",
      volume         = "A811",
      year           = "2016",
      pages          = "133-161",
      doi            = "10.1016/J.NIMA.2015.11.144",
      eprint         = "1508.03943",
      archivePrefix  = "arXiv",
      primaryClass   = "physics.ins-det",
      SLACcitation   = "%%CITATION = ARXIV:1508.03943;%%"
}
@article{Jenkins,
  title = "{Some radiative corrections to neutrino scattering: Neutral
                  currents}",
  author = {Jenkins, J.P. and others},
  journal = {Phys. Rev.},
  volume = {D80},
  issue = {5},
  pages = {053005},
  numpages = {9},
  year = {2009},
  month = {Sep},
  publisher = {American Physical Society},
  doi = {10.1103/PhysRevD.80.053005},
 eprint = "0906.0984",
archivePrefix = "arXiv",
      primaryClass  = "hep-ph",
}

@article{Hernandez:2007ej,
      author         = {Hernandez, E. and others},
      title          = "{Neutrino Induced Threshold Production of Two
                  Pions and N*(1440) Electroweak Form Factors}",
      journal        = "Phys. Rev.",
      volume         = "D77",
      year           = "2008",
      pages          = "053009",
      doi            = "10.1103/PhysRevD.77.053009",
      eprint         = "0710.3562",
      archivePrefix  = "arXiv",
      primaryClass   = "hep-ph",
      SLACcitation   = "%%CITATION = ARXIV:0710.3562;%%"
}

@article{Cervera:2000kp,
      author         = {Cervera, A. and others},
      title          = "{Golden Measurements at a Neutrino Factory}",
      journal        = "Nucl. Phys.",
      volume         = "B579",
      year           = "2000",
      pages          = "17-55",
      doi            = "10.1016/S0550-3213(00)00606-4",
      note           = "[Erratum: Nucl. Phys.B593,731(2001)]",
      eprint         = "hep-ph/0002108",
      archivePrefix  = "arXiv",
      primaryClass   = "hep-ph",
      reportNumber   = "CERN-TH-2000-040, FTUAM-00-03, IFT-UAM-CSIC-00-04,
                        FTUV-00-12, IFIC-00-13",
      SLACcitation   = "%%CITATION = HEP-PH/0002108;%%"
}


 
@article{SK1998,
  title = "{Evidence for Oscillation of Atmospheric Neutrinos}",
  author = {Fukuda, Y. and others},
  collaboration = {Super-Kamiokande Collaboration},
  journal = {Phys. Rev. Lett.},
  volume = {81},
  issue = {8},
  pages = {1562--1567},
  numpages = {0},
  year = {1998},
  month = {Aug},
  publisher = {American Physical Society},
  doi = {10.1103/PhysRevLett.81.1562},
eprint = "hep-ex/9807003",
archivePrefix = "arXiv",
      primaryClass  = "physics.ins-det",
}
@article{Fields:2013zhk,
      author         = {Fields, L. and others},
      title          = "{Measurement of Muon Antineutrino Quasielastic
                  Scattering on a Hydrocarbon Target at
                  $\ensuremath{E_\nu \sim 3.5}$ GeV}",
      collaboration  = "MINERvA",
      journal        = "Phys. Rev. Lett.",
      volume         = "111",
      year           = "2013",
      number         = "2",
      pages          = "022501",
      doi            = "10.1103/PhysRevLett.111.022501",
      eprint         = "1305.2234",
      archivePrefix  = "arXiv",
      primaryClass   = "hep-ex",
      reportNumber   = "FERMILAB-PUB-13-147-E",
      SLACcitation   = "%%CITATION = ARXIV:1305.2234;%%"
}

@article{SNO2002,
  title = "{Direct Evidence for Neutrino Flavor Transformation from
                  Neutral-Current Interactions in the Sudbury Neutrino
                  Observatory}",
  author = {Ahmad, Q.R. and others},
  collaboration = {SNO Collaboration},
  journal = {Phys. Rev. Lett.},
  volume = {89},
  issue = {1},
  pages = {011301},
  numpages = {6},
  year = {2002},
  month = {Jun},
  publisher = {American Physical Society},
  doi = {10.1103/PhysRevLett.89.011301},
eprint = "nucl-ex/0204008",
archivePrefix = "arXiv",
      primaryClass  = "physics.ins-det",
}


@article{Pontecorvo1958,
  title="{Inverse $\ensuremath{\beta}$ Processes and Nonconservation of
                  Lepton Charge}",
  author={Pontecorvo, B.},
  journal={Zhur. Eksptl'. i Teoret. Fiz.},
  volume={34},
  year={1958},
  publisher={Joint Inst. of Nuclear Research}
}


@article{Kayser:2005cd,
      author         = {Kayser, B.},
      title          = "{Neutrino Physics}",
      booktitle      = "{Proceedings, 32nd SLAC Summer Institute on
                  Particle Physics: Cosmic Connections (SSI 2004):
                  Menlo Park, California, August 2-13, 2004}",
      journal        = "eConf",
      volume         = "C040802",
      url            = {https://www.slac.stanford.edu/econf/C040802/papers/L004.PDF},
      year           = "2004",
      pages          = "L004",
      eprint         = "hep-ph/0506165",
      archivePrefix  = "arXiv",
      primaryClass   = "hep-ph",
      reportNumber   = "SSI-2004-L004, FERMILAB-PUB-05-236-T",
      SLACcitation   = "%%CITATION = HEP-PH/0506165;%%"
}


@article{GALLEX1999,
title = "{GALLEX Solar Neutrino Observations: Results for GALLEX IV}",
journal = "Phys. Lett.",
volume = "B447",
number = "1",
pages = "127 - 133",
year = "1999",
note = "",
issn = "0370-2693",
doi = "10.1016/S0370-2693(98)01579-2",
author = {Hampel, W. and others},
      archivePrefix = "arXiv",
      primaryClass  = "hep-ex",
}


@article{MPPC,
title = "{Application of Hamamatsu MPPCs to T2K neutrino detectors}",
journal = "Nucl. Instrum. Meth.",
volume = "610",
number = "1",
pages = "128 - 130",
year = "2009",
note = "New Developments In Photodetection NDIP08",
issn = "0168-9002",
doi = "10.1016/J.NIMA.2009.05.077",
author = {Yokoyama, M. and others},
      eprint = "0807.3145",
      archivePrefix = "arXiv",
      primaryClass = "physics.ins-det"
}


@article{SMRD,
      author         = {Aoki, S. and others},
      title          = "{The T2K Side Muon Range Detector (SMRD)}",
      journal        = "Nucl. Instrum. Meth.",
      volume         = "A698",
      year           = "2013",
      pages          = "135-146",
      doi            = "10.1016/J.NIMA.2012.10.001",
      eprint         = "1206.3553",
      archivePrefix  = "arXiv",
      primaryClass   = "physics.ins-det",
      SLACcitation   = "%%CITATION = ARXIV:1206.3553;%%"
}


@article{POD,
      author         = {Assylbekov, S. and others},
      title          = "{The T2K ND280 Off-Axis Pi-Zero Detector}",
      journal        = "Nucl. Instrum. Meth.",
      volume         = "A686",
      year           = "2012",
      pages          = "48-63",
      doi            = "10.1016/J.NIMA.2012.05.028",
      eprint         = "1111.5030",
      archivePrefix  = "arXiv",
      primaryClass   = "physics.ins-det",
      SLACcitation   = "%%CITATION = ARXIV:1111.5030;%%"
}

@article{TPC,
      author         = {Abgrall, N. and others},
      title          = "{Time Projection Chambers for the T2K Near Detectors}",
      collaboration  = "T2K ND280 TPC",
      journal        = "Nucl. Instrum. Meth.",
      volume         = "A637",
      year           = "2011",
      pages          = "25-46",
      doi            = "10.1016/J.NIMA.2011.02.036",
      eprint         = "1012.0865",
      archivePrefix  = "arXiv",
      primaryClass   = "physics.ins-det",
      SLACcitation   = "%%CITATION = ARXIV:1012.0865;%%"
}


@article{FGD,
      author         = {Amaudruz, P.A. and others},
      title          = "{The T2K Fine-Grained Detectors}",
      collaboration  = "T2K ND280 FGD",
      journal        = "Nucl. Instrum. Meth.",
      volume         = "A696",
      year           = "2012",
      pages          = "1-31",
      doi            = "10.1016/J.NIMA.2012.08.020",
      eprint         = "1204.3666",
      archivePrefix  = "arXiv",
      primaryClass   = "physics.ins-det",
      SLACcitation   = "%%CITATION = ARXIV:1204.3666;%%"
}

@article{ECal,
      author         = {Allan, D. and others},
      title          = "{The Electromagnetic Calorimeter for the T2K
                  Near Detector ND280}",
      collaboration  = "T2K UK",
      journal        = "JINST",
      volume         = "8",
      year           = "2013",
      pages          = "P10019",
      doi            = "10.1088/1748-0221/8/10/P10019",
      eprint         = "1308.3445",
      archivePrefix  = "arXiv",
      primaryClass   = "physics.ins-det",
      SLACcitation   = "%%CITATION = ARXIV:1308.3445;%%"
}

@article{SKPMT,
      author         = {Kume, H. and others},
      title          = "{20-Inch Diameter Photomultiplier}",
      journal        = "Nucl. Instrum. Meth.",
      volume         = "205",
      year           = "1983",
      pages          = "443-449",
      doi            = "10.1016/0167-5087(83)90007-8",
      archivePrefix = "arXiv",
      primaryClass  = "hep-ex",
      SLACcitation   = "%%CITATION = NUIMA,205,443;%%"
}


@article{HERMES,
  title = "{Multiplicities of Charged Pions and Kaons from
                  Semi-Inclusive Deep-Inelastic Scattering by the
                  Proton and the Deuteron}",
  author = {Airapetian, A. and others},
  collaboration = {HERMES Collaboration},
  journal = {Phys. Rev.},
  volume = {D87},
  issue = {7},
  pages = {074029},
  numpages = {14},
  year = {2013},
  month = {Apr},
  publisher = {American Physical Society},
  doi = {10.1103/PhysRevD.87.074029},
  eprint = "1212.5407",
archivePrefix = "arXiv",
      primaryClass  = "hep-ex",
}

@article{DUNE1,
      author         = {Acciarri, R. and others},
      title          = "{Long-Baseline Neutrino Facility (LBNF) and
                  Deep Underground Neutrino Experiment (DUNE) :
                  Conceptual Design Report, Volume 1: The LBNF and
                  DUNE Projects}",
      collaboration  = "DUNE",
      url            = "http://lss.fnal.gov/archive/design/fermilab-design-2016-01.pdf",
      year           = "2016",
      eprint         = "1601.05471",
      archivePrefix  = "arXiv",
      primaryClass   = "physics.ins-det",
      reportNumber   = "FERMILAB-DESIGN-2016-01",
      SLACcitation   = "%%CITATION = ARXIV:1601.05471;%%"
}

@article{DUNE2,
      author         = {Acciarri, R. and others},
      title          = "{Long-Baseline Neutrino Facility (LBNF) and
                  Deep Underground Neutrino Experiment (DUNE) :
                  Conceptual Design Report, Volume 2: The Physics
                  Program for DUNE at LBNF}",
      collaboration  = "DUNE",
      url            = "http://lss.fnal.gov/archive/design/fermilab-design-2016-02.pdf",
      year           = "2015",
      eprint         = "1512.06148",
      archivePrefix  = "arXiv",
      primaryClass   = "physics.ins-det",
      reportNumber   = "FERMILAB-DESIGN-2016-02",
      SLACcitation   = "%%CITATION = ARXIV:1512.06148;%%"
}

@article{DUNE3,
      author         = "Strait, J. and others",
      title          = "{Long-Baseline Neutrino Facility (LBNF) and
                  Deep Underground Neutrino Experiment (DUNE) :
                  Conceptual Design Report, Volume 3: Long-Baseline
                  Neutrino Facility for DUNE}",
      collaboration  = "DUNE",
      year           = "2016",
      url            = "http://lss.fnal.gov/archive/design/fermilab-design-2016-03.pdf",
      eprint         = "1601.05823",
      archivePrefix  = "arXiv",
      primaryClass   = "physics.ins-det",
      reportNumber   = "FERMILAB-DESIGN-2016-03",
      SLACcitation   = "%%CITATION = ARXIV:1601.05823;%%"
}


@article{DUNE4,
      author         = {Acciarri, R. and others},
      title          = "{Long-Baseline Neutrino Facility (LBNF) and
                  Deep Underground Neutrino Experiment (DUNE) :
                  Conceptual Design Report, Volume 4: The DUNE
                  Detectors at LBNF}",
      collaboration  = "DUNE",
      url            = "http://lss.fnal.gov/archive/design/fermilab-design-2016-04.pdf",
      year           = "2016",
      eprint         = "1601.02984",
      archivePrefix  = "arXiv",
      primaryClass   = "physics.ins-det",
      reportNumber   = "FERMILAB-DESIGN-2016-04",
      SLACcitation   = "%%CITATION = ARXIV:1601.02984;%%"
}


@article{Katori:2014fxa,
      author         = {Katori, T. and others},
      title          = "{PYTHIA Hadronization Process Tuning in the
                  GENIE Neutrino Interaction Generator}",
      journal        = "J. Phys.",
      volume         = "G42",
      year           = "2015",
      number         = "11",
      pages          = "115004",
      doi            = "10.1088/0954-3899/42/11/115004",
      eprint         = "1412.4301",
      archivePrefix  = "arXiv",
      primaryClass   = "hep-ex",
      SLACcitation   = "%%CITATION = ARXIV:1412.4301;%%"
}

@article{Ayres:2007tu,
      author         = {Ayres, D.S. and others},
      title          = "{The NOvA Technical Design Report}",
      collaboration  = "NOvA",
      url            = "http://lss.fnal.gov/archive/design/fermilab-design-2007-01.pdf",
      year           = "2007",
      reportNumber   = "FERMILAB-DESIGN-2007-01",
      archivePrefix = "arXiv",
      primaryClass  = "hep-ex",
      SLACcitation   = "%%CITATION = FERMILAB-DESIGN-2007-01;%%"
}

@article{Aartsen:2014oha,
      author         = {Aartsen, M.G. and others},
      title          = "{Letter of Intent: The Precision IceCube Next
                  Generation Upgrade (PINGU)}",
      collaboration  = "IceCube PINGU",
      year           = "2014",
      eprint         = "1401.2046",
      archivePrefix  = "arXiv",
      primaryClass   = "physics.ins-det",
      SLACcitation   = "%%CITATION = ARXIV:1401.2046;%%"
}


@Article{Akhmedov2010,
author={Akhmedov, E.K. and others},
title="{Neutrino Oscillations: Quantum Mechanics vs. Quantum Field
                  Theory}",
journal="Journal of High Energy Physics",
year="2010",
month="Apr",
day="06",
volume="2010",
number="4",
pages="8",
issn="1029-8479",
doi="10.1007/JHEP04(2010)008",
eprint = "1001.4815",
archivePrefix = "arXiv",
      primaryClass  = "hep-ph",
}


@article{2017Capozzi,
  title = "{Global Constraints on Absolute Neutrino Masses and their
                  Ordering}",
  author = {Capozzi, F. and others},
  journal = {Phys. Rev.},
  volume = {D95},
  issue = {9},
  pages = {096014},
  numpages = {15},
  year = {2017},
  month = {May},
  publisher = {American Physical Society},
  doi = {10.1103/PhysRevD.95.096014},
  eprint = "1703.04471",
archivePrefix = "arXiv",
      primaryClass  = "hep-ex",
}


@article{Troitsk,
  title = "{Upper Limit on the Electron Antineutrino Mass from the
                  Troitsk Experiment}",
  author = {Aseev, V.N. and others},
  journal = {Phys. Rev.},
  volume = {D84},
  issue = {11},
  pages = {112003},
  numpages = {9},
  year = {2011},
  month = {Dec},
  publisher = {American Physical Society},
  doi = {10.1103/PhysRevD.84.112003},
eprint = "1108.5034",
archivePrefix = "arXiv",
      primaryClass  = "hep-ex",
}


@article{Pontecorvo:1967fh,
      author         = {Pontecorvo, B.},
      title          = "{Neutrino Experiments and the Problem of
                  Conservation of Leptonic Charge}",
      journal        = "Sov. Phys. JETP",
      volume         = "26",
      year           = "1968",
      pages          = "984-988",
      note           = "[Zh. Eksp. Teor. Fiz.53,1717(1967)]",
      SLACcitation   = "%%CITATION = SPHJA,26,984;%%"
}
@article{Pontecorvo:1957cp,
      author         = {Pontecorvo, B.},
      title          = "{Mesonium and Anti-Mesonium}",
      journal        = "Sov. Phys. JETP",
      volume         = "6",
      year           = "1957",
      pages          = "429",
      note           = "[Zh. Eksp. Teor. Fiz.33,549(1957)]",
      SLACcitation   = "%%CITATION = SPHJA,6,429;%%"
}
@article{Bilenky:1978nj,
      author         = {Bilenky, S.M. and others},
      title          = "{Lepton Mixing and Neutrino Oscillations}",
      journal        = "Phys. Rept.",
      volume         = "41",
      year           = "1978",
      pages          = "225-261",
      doi            = "10.1016/0370-1573(78)90095-9",
      SLACcitation   = "%%CITATION = PRPLC,41,225;%%"
}
@article{Maki:1962mu,
      author         = {Maki, Z. and others},
      title          = "{Remarks on the unified model of elementary particles}",
      journal        = "Prog. Theor. Phys.",
      volume         = "28",
      year           = "1962",
      pages          = "870-880",
      doi            = "10.1143/PTP.28.870",
      SLACcitation   = "%%CITATION = PTPKA,28,870;%%"
}

@article{LlewellynSmith,
      author        = {Smith, L. and others},
      title         = "{Neutrino Reactions at Accelerator Energies}",
      journal       = "Phys. Rep.",
      volume        = "3",
      pages         = "261-379",
      year          = "1972",
      url           = "http://cds.cern.ch/record/396544",
}



@article{ANLCCQE,
      author         = {Barish, S.J. and others},
      title          = "{Study of Neutrino Interactions in Hydrogen
                  and Deuterium. 1. Description of the Experiment and
                  Study of the Reaction Neutrino
                  $\ensuremath{d\rightarrow \mu^-pp(s)}$}",
      journal        = "Phys. Rev.",
      volume         = "D16",
      year           = "1977",
      pages          = "3103",
      doi            = "10.1103/PhysRevD.16.3103",
      reportNumber   = "ANL-HEP-PR-76-69",
      SLACcitation   = "%%CITATION = PHRVA,D16,3103;%%"
}

@article{ANLCC1PI,
  title = "{Study of Single-Pion Production by Weak Charged Currents
                  in Low-Energy $\ensuremath{\nu}d$ Interactions}",
  author = {Radecky, G.M. and others},
  journal = {Phys. Rev. D},
  volume = {25},
  issue = {5},
  pages = {1161--1173},
  numpages = {0},
  year = {1982},
  month = {Mar},
  publisher = {American Physical Society},
  doi = {10.1103/PhysRevD.25.1161},
}

@article{ANLNC1PI,
  title = "{Study of Single-Pion Production by Weak Neutral Currents
                  in Low-Energy $\ensuremath{\nu}d$ Interactions}",
  author = {Derrick, M. and others},
  journal = {Phys. Rev. D},
  volume = {23},
  issue = {3},
  pages = {569--575},
  numpages = {0},
  year = {1981},
  month = {Feb},
  publisher = {American Physical Society},
  doi = {10.1103/PhysRevD.23.569},
}
@article{BNLCCQE,
  title = "{High-Energy Quasielastic
                  ${\ensuremath{\nu}}_{\ensuremath{\mu}}n\ensuremath{\rightarrow}{\ensuremath{\mu}}^{\ensuremath{-}}p$
                  Scattering in Deuterium}",
  author = {Kitagaki, T. and others},
  journal = {Phys. Rev.},
  volume = {D28},
  issue = {3},
  pages = {436--442},
  numpages = {0},
  year = {1983},
  month = {Aug},
  publisher = {American Physical Society},
  doi = {10.1103/PhysRevD.28.436},
}


@article{BNLCCQE2,
  title = "{Quasielastic Neutrino Scattering: A Measurement of the
                  Weak Nucleon Axial-Vector Form Factor}",
  author = {Baker, N.J. and others},
  journal = {Phys. Rev.},
  volume = {D23},
  issue = {11},
  pages = {2499--2505},
  numpages = {0},
  year = {1981},
  month = {Jun},
  publisher = {American Physical Society},
  doi = {10.1103/PhysRevD.23.2499},
}


@article{BNLCC1PI,
  title = "{Study of the Isospin Structure of Single-Pion Production in
                  Charged-Current Neutrino Interactions}",
  author = {Baker, N.J. and others},
  journal = {Phys. Rev.},
  volume = {D23},
  issue = {11},
  pages = {2495--2498},
  numpages = {0},
  year = {1981},
  month = {Jun},
  publisher = {American Physical Society},
  doi = {10.1103/PhysRevD.23.2495},
}
@article{CERNCCQE,
title = "{Investigation of Exclusive Channels in
                  $\ensuremath{\nu/\bar{\nu}}$-Deuteron Charged
                  Current Interactions}",
journal = "Nucl. Phys.",
volume = "B343",
number = "2",
pages = "285 - 309",
year = "1990",
note = "",
issn = "0550-3213",
doi = "10.1016/0550-3213(90)90472-P",
author = {Allasia, D. and others},
}
@article{SmithMoniz,
      author         = {Smith, R.A. and others},
      title          = "{Neutrino Reaction on Nuclear Targets}",
      journal        = "Nucl. Phys.",
      volume         = "B43",
      year           = "1972",
      pages          = "605",
      doi            = "10.1016/0550-3213(75)90612-4",
      note           = "[Erratum: Nucl. Phys.B101,547(1975)]",
      SLACcitation   = "%%CITATION = NUPHA,B43,605;%%"
}

@article{SinghDeuteron,
title = "{The Effect of Final Ftate Interactions and Deuteron Binding
                  in $\ensuremath{\nu d \rightarrow \mu pp}$}",
journal = "Nucl. Phys.",
volume = "B36",
number = "2",
pages = "419 - 435",
year = "1972",
note = "",
issn = "0550-3213",
doi = "10.1016/0550-3213(72)90227-1",
author = "Singh, S.K.",
}

@article{Singh1998,
title = "{Nuclear Effects in Neutrino Production of
                  $\ensuremath{\Delta}$ at Intermediate Energies}",
journal = "Phys. Lett.",
volume = "B416",
number = "1â€“2",
pages = "23 - 28",
year = "1998",
note = "",
issn = "0370-2693",
doi = "10.1016/S0370-2693(97)01325-7",
author = {Singh, S.K. and others},
      archivePrefix = "arXiv",
      primaryClass  = "hep-ex",
}

@article{Benhar,
title = "{Spectral Function of Finite Nuclei and Scattering of GeV
                  Electrons}",
journal = "Nucl. Phys.",
volume = "A579",
number = "3",
pages = "493 - 517",
year = "1994",
note = "",
issn = "0375-9474",
doi = "10.1016/0375-9474(94)90920-2",
author = {Benhar, O. and others},
}

@article{NievesCCinc,
  title = "{Inclusive Charged-Current Neutrino-Nucleus Reactions}",
  author = {Nieves, J. and others},
  journal = {Phys. Rev.},
  volume = {C83},
  issue = {4},
  pages = {045501},
  numpages = {19},
  year = {2011},
  month = {Apr},
  publisher = {American Physical Society},
  doi = {10.1103/PhysRevC.83.045501},
eprint = "1102.2777",
archivePrefix = "arXiv",
      primaryClass  = "hep-ph",
}

@article{MinervaNuCCQE,
  title = "{Measurement of Muon Neutrino Quasielastic Scattering on a
                  Hydrocarbon Target at
                  ${E}_{\ensuremath{\nu}}\ensuremath{\sim}3.5\text{
                  }\text{ }\mathrm{GeV}$}",
  author = {Fiorentini, G.A. and others},
  collaboration = {MINERvA Collaboration},
  journal = {Phys. Rev. Lett.},
  volume = {111},
  issue = {2},
  pages = {022502},
  numpages = {6},
  year = {2013},
  month = {Jul},
  publisher = {American Physical Society},
  doi = {10.1103/PhysRevLett.111.022502},
eprint = "1305.2243",
      archivePrefix = "arXiv",
      primaryClass  = "hep-ex",
}


@article{K2KCCQE,
  title = "{Measurement of the Quasielastic Axial Vector Mass in
                  Neutrino Interactions on Oxygen}",
  author = {Gran, R. and others},
  collaboration = {K2K Collaboration},
  journal = {Phys. Rev.},
  volume = {D74},
  issue = {5},
  pages = {052002},
  numpages = {15},
  year = {2006},
  month = {Sep},
  publisher = {American Physical Society},
  doi = {10.1103/PhysRevD.74.052002},
eprint = "hep-ex/0603034",
archivePrefix = "arXiv",
      primaryClass  = "hep-ex",
}


@article{MiniBooNENuCCQE,
  title = "{First Measurement of the Muon Neutrino Charged Current
                  Quasielastic Double Differential Cross Section}",
  author = {Aguilar-Arevalo, A.A. and others},
  collaboration = {MiniBooNE Collaboration},
  journal = {Phys. Rev.},
  volume = {D81},
  issue = {9},
  pages = {092005},
  numpages = {22},
  year = {2010},
  month = {May},
  publisher = {American Physical Society},
  doi = {10.1103/PhysRevD.81.092005},
eprint = "1002.2680",
archivePrefix = "arXiv",
      primaryClass  = "hep-ex",
}

@article{MiniBooNEANuCCQE,
  title = "{First Measurement of the Muon Antineutrino
                  Double-Differential Charged-Current Quasielastic
                  Cross Section}",
  author = {Aguilar-Arevalo, A.A. and others},
  collaboration = {MiniBooNE Collaboration},
  journal = {Phys. Rev.},
  volume = {D88},
  issue = {3},
  pages = {032001},
  numpages = {31},
  year = {2013},
  month = {Aug},
  publisher = {American Physical Society},
  doi = {10.1103/PhysRevD.88.032001},
eprint = "1301.7067",
archivePrefix = "arXiv",
      primaryClass  = "hep-ex",
}


@article{T2KCCQE,
  title = "{Measurement of the ${\ensuremath{\nu}}_{\ensuremath{\mu}}$
                  Charged Current Quasielastic Cross Section on Carbon
                  with the T2K On-Axis Neutrino Beam}",
  author = {Abe, K. and others},
  collaboration = {The T2K Collaboration},
  journal = {Phys. Rev.},
  volume = {D91},
  issue = {11},
  pages = {112002},
  numpages = {17},
  year = {2015},
  month = {Jun},
  publisher = {American Physical Society},
  doi = {10.1103/PhysRevD.91.112002},
eprint = "1503.07452",
archivePrefix = "arXiv",
      primaryClass  = "hep-ex",
}
@article{nueT2K,
      author         = {Abe, K. and others},
      title          = "{Measurement of the Inclusive Electron
                  Neutrino Charged Current Cross Section on Carbon
                  with the T2K Near Detector}",
      collaboration  = "T2K",
      journal        = "Phys. Rev. Lett.",
      volume         = "113",
      year           = "2014",
      number         = "24",
      pages          = "241803",
      doi            = "10.1103/PhysRevLett.113.241803",
      eprint         = "1407.7389",
      archivePrefix  = "arXiv",
      primaryClass   = "hep-ex",
      SLACcitation   = "%%CITATION = ARXIV:1407.7389;%%"
}


@article{Wilkinson:2014yfa,
      author         = "Wilkinson, C. and Rodrigues, P. and Cartwright,
                        S. and Thompson, L. and McFarland, K.",
      title          = "{Reanalysis of bubble chamber measurements of
                        muon-neutrino induced single pion production}",
      journal        = "Phys. Rev.",
      volume         = "D90",
      year           = "2014",
      number         = "11",
      pages          = "112017",
      doi            = "10.1103/PhysRevD.90.112017",
      eprint         = "1411.4482",
      archivePrefix  = "arXiv",
      primaryClass   = "hep-ex",
      SLACcitation   = "%%CITATION = ARXIV:1411.4482;%%"
}

@article{CallumFit,
  title = "{Testing Charged Current Quasi-Elastic and Multinucleon
                  Interaction Models in the NEUT Neutrino Interaction
                  Generator with Published Datasets from the MiniBooNE
                  and MINER\ensuremath{\nu}A Experiments}",
  author = {Wilkinson, C. and others},
  journal = {Phys. Rev.},
  volume = {D93},
  issue = {7},
  pages = {072010},
  numpages = {19},
  year = {2016},
  month = {Apr},
  publisher = {American Physical Society},
  doi = {10.1103/PhysRevD.93.072010},
 eprint="1601.05592",
archivePrefix = "arXiv",
      primaryClass  = "hep-ex",
}

@unpublished{CallumRatios,
   author = {Wilkinson, C.},
   note = "{Presentation at the NIWG meeting}",
   url = {http://www.t2k.org/asg/xsec/meetings/2016/niwg-24june2016-meeting/heavy-target-ratios},
   month = {24th Jun},
   year = {2016},
   title = "{MINERvA Heavy Target Ratios}",
}

@article{nuance,
title = "{The NUANCE Neutrino Physics Simulation, and the Future}",
journal = "Nucl. Phys. B - Proceedings Supplements",
volume = "112",
number = "1",
pages = "161 - 170",
year = "2002",
note = "",
issn = "0920-5632",
doi = "10.1016/S0920-5632(02)01756-5",
author = {Casper, D.},
eprint = "hep-ph/0208030",
archivePrefix = "arXiv",
      primaryClass  = "hep-ex",
}

@article{prob3pp,
title = "{Prob3++ Software for Computing Three Flavor Neutrino
                  Oscillation Probabilities}",
year = "2012",
url = "http://webhome.phy.duke.edu/~raw22/public/Prob3++/",
author = {Wendell, R.},
}

@phdthesis{MACH3,
  author       = {Calland, R.}, 
  title        = "{A 3 Flavour Joint Near and Far Detector Neutrino
                  Oscillation Analysis at T2K}",
  school       = "{University of Liverpool}",
  year         = 2014,
  url          = "https://www.t2k.org/docs/thesis/059",
  month        = 9,
}


@article{VALOR,
title = "{The VALOR Neutrino Fit Group}",
year = "2010",
url = "https://valor.pp.rl.ac.uk/",
author = {Andreopoulos, C. and others},
}

@article{DGLAP1,
      author         = {Dokshitzer, Y.L.},
      title          = "{Calculation of the Structure Functions for
                  Deep Inelastic Scattering and e+ e- Annihilation by
                  Perturbation Theory in Quantum Chromodynamics.}",
      journal        = "Sov. Phys. JETP",
      volume         = "46",
      year           = "1977",
      pages          = "641-653",
      note           = "[Zh. Eksp. Teor. Fiz.73,1216(1977)]",
      SLACcitation   = "%%CITATION = SPHJA,46,641;%%"
}


@article{DGLAP2,
      author         = {Gribov, V.N. and others},
      title          = "{Deep Inelastic e p Scattering in Perturbation
                  Theory}",
      journal        = "Sov. J. Nucl. Phys.",
      volume         = "15",
      year           = "1972",
      pages          = "438-450",
      note           = "[Yad. Fiz.15,781(1972)]",
      reportNumber   = "IPTI-381-71",
      SLACcitation   = "%%CITATION = SJNCA,15,438;%%"
}

@article{DGLAP3,
      author         = {Gribov, V. N. and others},
      title          = "{e+ e- Pair Annihilation and Deep Inelastic e
                  p Sxcattering in Perturbation Theory}",
      journal        = "Sov. J. Nucl. Phys.",
      volume         = "15",
      year           = "1972",
      pages          = "675-684",
      note           = "[Yad. Fiz.15,1218(1972)]",
      SLACcitation   = "%%CITATION = SJNCA,15,675;%%"
}

@article{DGLAP4,
      author         = {Altarelli, G. and others},
      title          = "{Asymptotic Freedom in Parton Language}",
      journal        = "Nucl. Phys.",
      volume         = "B126",
      year           = "1977",
      pages          = "298-318",
      doi            = "10.1016/0550-3213(77)90384-4",
      reportNumber   = "LPTENS-77-6",
      SLACcitation = "%%CITATION = NUPHA,B126,298;%%"
}

@article{WRIGHT2015175,
title = "{The Geant4 Bertini Cascade}",
journal = "{Nucl. Instrum. Meth.}",
volume = "804",
number = "Supplement C",
pages = "175 - 188",
year = "2015",
issn = "0168-9002",
doi = "10.1016/J.NIMA.2015.09.058",
author = {Wright, D.H. and others},
      archivePrefix = "arXiv",
      primaryClass = "hep-ex"
}


@article{TN325,
      author = {Feusels, T. and others},
      title  = "{Tuning of the NEUT Cascade Model Using
                  ${\ensuremath{\pi^\pm-A}}$ Scattering External Data
                  to Improve Final State Interaction and Secondary
                  Interaction Systematic Uncertainties}",
      year   = "2017",
      url    = "https://www.t2k.org/docs/technotes/325",
      note   = "T2K-TN-325-v0.0, only accessible to T2K collaborators",
}

@article{TN279,
      author = {Brailsford, D. and others},
      title  = "{Study of the tracker ECal systematic uncertainties}",
      year   = "2017",
      url    = "https://www.t2k.org/docs/technotes/279",
      note   = "T2K-TN-279-v2, only accessible to T2K collaborators",
}

@article{TN077,
      author = {Kowalik, K.},
      title  = "{The simulation of beam neutrinos interactions outside
                  the ND280 detector}",
      year   = "2012",
      note   = "T2K-TN-077-v2, only accessible to T2K collaborators",
      url    = "https://www.t2k.org/docs/technotes/077",

}
@article{TN125,
      author = {Myslic, J.},
      title  = "{Determination of Pion Secondary Interaction
                  Systematics for the ND280 Tracker
                  ${\ensuremath{\nu_{\mu}}}$ Analysis}",
      year   = "2013",
      note   = "T2K-TN-125-v1.0, only accessible to T2K collaborators",
      url    = "https://www.t2k.org/docs/technotes/125",

}

@article{TN098,
      author = {Dufour, F. and others},
      title  = "{Systematics on Out-of-Fiducial-Volume Backgrounds in
                  the ND280 Tracker}",
      url    = "https://www.t2k.org/docs/technotes/098",
      year   = "2015",
      note   = "T2K-TN-098-v1.1, only accessible to T2K collaborators",
}

@article{TN072,
      author = {Hillaret, A. and others},
      title  = "{ND280 Reconstruction}",
      year   = "2011",
      url    = "https://www.t2k.org/docs/technotes/072",
      note   = "T2K-TN-072-v1.0, only accessible to T2K collaborators",
}


@article{TN324,
      author = {Bienstock, S. and others},
      title  = "{Constraining the Flux and Cross Section Models with
                  Data from the ND280 Detector using FGD1 and FGD2 for
                  the 2017 Joint Oscillation Analysis}",
      year   = "2017",
      url    = "https://www.t2k.org/docs/technotes/324",
      note   = "T2K-TN-324-v3, only accessible to T2K collaborators",
}

@article{Ashery:1981tq,
      author         = {Ashery, D. and others},
      title          = "{True Absorption and Scattering of Pions on
                  Nuclei}",
      journal        = "Phys. Rev.",
      volume         = "C23",
      year           = "1981",
      pages          = "2173-2185",
      doi            = "10.1103/PhysRevC.23.2173",
      SLACcitation   = "%%CITATION = PHRVA,C23,2173;%%"
}

@article{Adamson:2009ju,
      author         = {Adamson, P. and others},
      title          = "{Neutrino and Antineutrino Inclusive
                  Charged-current Cross Section Measurements with the
                  MINOS Near Detector}",
      collaboration  = "MINOS",
      journal        = "Phys. Rev.",
      volume         = "D81",
      year           = "2010",
      pages          = "072002",
      doi            = "10.1103/PhysRevD.81.072002",
      eprint         = "0910.2201",
      archivePrefix  = "arXiv",
      primaryClass   = "hep-ex",
      reportNumber   = "FERMILAB-PUB-09-468-E",
      SLACcitation   = "%%CITATION = ARXIV:0910.2201;%%"
}


@misc{NievesCorrelations,
note = {Conversation with J. Nieves}
}